{"success":true,"limit_reached":false,"status_code":200,"error_message":null,"csv":null,"symbol":"INBKZ","annualReports":[{"fiscalDateEnding":"2023-12-31","reportedCurrency":"USD","grossProfit":"-11713000","totalRevenue":"84376000","costOfRevenue":"96089000","costofGoodsAndServicesSold":"471000","operatingIncome":"-30334000","sellingGeneralAndAdministrative":"18621000","researchAndDevelopment":"None","operatingExpenses":"18621000","investmentIncomeNet":"None","netInterestIncome":"74904000","interestIncome":"239442000","interestExpense":"164538000","nonInterestIncome":"26125000","otherNonOperatingIncome":"None","depreciation":"5748000","depreciationAndAmortization":"5748000","incomeBeforeTax":"4940000","incomeTaxExpense":"-3477000","interestAndDebtExpense":"164538000","netIncomeFromContinuingOperations":"8417000","comprehensiveIncomeNetOfTax":"12678000","ebit":"169478000","ebitda":"10688000","netIncome":"8417000"},{"fiscalDateEnding":"2022-12-31","reportedCurrency":"USD","grossProfit":"35123000","totalRevenue":"113373000","costOfRevenue":"78250000","costofGoodsAndServicesSold":"None","operatingIncome":"14066000","sellingGeneralAndAdministrative":"21057000","researchAndDevelopment":"None","operatingExpenses":"21057000","investmentIncomeNet":"None","netInterestIncome":"97093000","interestIncome":"156908000","interestExpense":"59815000","nonInterestIncome":"21257000","otherNonOperatingIncome":"None","depreciation":"8729000","depreciationAndAmortization":"8729000","incomeBeforeTax":"40100000","incomeTaxExpense":"4559000","interestAndDebtExpense":"59815000","netIncomeFromContinuingOperations":"35541000","comprehensiveIncomeNetOfTax":"12944000","ebit":"99915000","ebitda":"48829000","netIncome":"35541000"},{"fiscalDateEnding":"2021-12-31","reportedCurrency":"USD","grossProfit":"55542000","totalRevenue":"118370000","costOfRevenue":"62828000","costofGoodsAndServicesSold":"None","operatingIncome":"39515000","sellingGeneralAndAdministrative":"16027000","researchAndDevelopment":"None","operatingExpenses":"13504000","investmentIncomeNet":"None","netInterestIncome":"86556000","interestIncome":"133883000","interestExpense":"47327000","nonInterestIncome":"32844000","otherNonOperatingIncome":"None","depreciation":"8775000","depreciationAndAmortization":"8775000","incomeBeforeTax":"56572000","incomeTaxExpense":"8458000","interestAndDebtExpense":"47327000","netIncomeFromContinuingOperations":"48114000","comprehensiveIncomeNetOfTax":"54271000","ebit":"103899000","ebitda":"65347000","netIncome":"48114000"},{"fiscalDateEnding":"2020-12-31","reportedCurrency":"USD","grossProfit":"24573000","totalRevenue":"91552000","costOfRevenue":"66979000","costofGoodsAndServicesSold":"None","operatingIncome":"11484000","sellingGeneralAndAdministrative":"13089000","researchAndDevelopment":"None","operatingExpenses":"13089000","investmentIncomeNet":"None","netInterestIncome":"64541000","interestIncome":"136859000","interestExpense":"72318000","nonInterestIncome":"36336000","otherNonOperatingIncome":"None","depreciation":"7831000","depreciationAndAmortization":"7831000","incomeBeforeTax":"33898000","incomeTaxExpense":"4445000","interestAndDebtExpense":"72318000","netIncomeFromContinuingOperations":"29453000","comprehensiveIncomeNetOfTax":"26448000","ebit":"106216000","ebitda":"41729000","netIncome":"29453000"},{"fiscalDateEnding":"2019-12-31","reportedCurrency":"USD","grossProfit":"21190000","totalRevenue":"73790000","costOfRevenue":"52600000","costofGoodsAndServicesSold":"None","operatingIncome":"8324000","sellingGeneralAndAdministrative":"12866000","researchAndDevelopment":"None","operatingExpenses":"12866000","investmentIncomeNet":"None","netInterestIncome":"62967000","interestIncome":"147414000","interestExpense":"84447000","nonInterestIncome":"16789000","otherNonOperatingIncome":"None","depreciation":"6926000","depreciationAndAmortization":"7655000","incomeBeforeTax":"27156000","incomeTaxExpense":"1917000","interestAndDebtExpense":"84447000","netIncomeFromContinuingOperations":"25239000","comprehensiveIncomeNetOfTax":"27589000","ebit":"111603000","ebitda":"34811000","netIncome":"25239000"},{"fiscalDateEnding":"2018-12-31","reportedCurrency":"USD","grossProfit":"20060000","totalRevenue":"67135000","costOfRevenue":"47075000","costofGoodsAndServicesSold":"None","operatingIncome":"-15566000","sellingGeneralAndAdministrative":"35626000","researchAndDevelopment":"None","operatingExpenses":"35626000","investmentIncomeNet":"None","netInterestIncome":"62267000","interestIncome":"115467000","interestExpense":"53200000","nonInterestIncome":"8760000","otherNonOperatingIncome":"None","depreciation":"5667000","depreciationAndAmortization":"5667000","incomeBeforeTax":"23952000","incomeTaxExpense":"2052000","interestAndDebtExpense":"53200000","netIncomeFromContinuingOperations":"21900000","comprehensiveIncomeNetOfTax":"11441000","ebit":"77152000","ebitda":"29619000","netIncome":"21900000"},{"fiscalDateEnding":"2017-12-31","reportedCurrency":"USD","grossProfit":"18056000","totalRevenue":"59651000","costOfRevenue":"41595000","costofGoodsAndServicesSold":"None","operatingIncome":"-14446000","sellingGeneralAndAdministrative":"32502000","researchAndDevelopment":"None","operatingExpenses":"32502000","investmentIncomeNet":"None","netInterestIncome":"53982000","interestIncome":"84697000","interestExpense":"30715000","nonInterestIncome":"10541000","otherNonOperatingIncome":"None","depreciation":"5299000","depreciationAndAmortization":"5299000","incomeBeforeTax":"22928000","incomeTaxExpense":"7702000","interestAndDebtExpense":"30715000","netIncomeFromContinuingOperations":"15226000","comprehensiveIncomeNetOfTax":"19475000","ebit":"53643000","ebitda":"28227000","netIncome":"15226000"},{"fiscalDateEnding":"2016-12-31","reportedCurrency":"USD","grossProfit":"13655000","totalRevenue":"49436000","costOfRevenue":"35781000","costofGoodsAndServicesSold":"None","operatingIncome":"-14124000","sellingGeneralAndAdministrative":"27779000","researchAndDevelopment":"None","operatingExpenses":"27842000","investmentIncomeNet":"None","netInterestIncome":"39689000","interestIncome":"58899000","interestExpense":"19210000","nonInterestIncome":"14077000","otherNonOperatingIncome":"None","depreciation":"3799000","depreciationAndAmortization":"3799000","incomeBeforeTax":"17985000","incomeTaxExpense":"5911000","interestAndDebtExpense":"19210000","netIncomeFromContinuingOperations":"12074000","comprehensiveIncomeNetOfTax":"4015000","ebit":"37195000","ebitda":"21784000","netIncome":"12074000"},{"fiscalDateEnding":"2015-12-31","reportedCurrency":"USD","grossProfit":"11719000","totalRevenue":"38948000","costOfRevenue":"27229000","costofGoodsAndServicesSold":"None","operatingIncome":"-10944000","sellingGeneralAndAdministrative":"22663000","researchAndDevelopment":"None","operatingExpenses":"22697000","investmentIncomeNet":"None","netInterestIncome":"30753000","interestIncome":"41447000","interestExpense":"10694000","nonInterestIncome":"10141000","otherNonOperatingIncome":"None","depreciation":"1942000","depreciationAndAmortization":"1942000","incomeBeforeTax":"13665000","incomeTaxExpense":"4736000","interestAndDebtExpense":"10694000","netIncomeFromContinuingOperations":"8929000","comprehensiveIncomeNetOfTax":"7855000","ebit":"24359000","ebitda":"15607000","netIncome":"8929000"},{"fiscalDateEnding":"2014-12-31","reportedCurrency":"USD","grossProfit":"6639000","totalRevenue":"29650000","costOfRevenue":"23011000","costofGoodsAndServicesSold":"None","operatingIncome":"-7907000","sellingGeneralAndAdministrative":"15293000","researchAndDevelopment":"None","operatingExpenses":"23552000","investmentIncomeNet":"None","netInterestIncome":"22287000","interestIncome":"31215000","interestExpense":"8928000","nonInterestIncome":"7174000","otherNonOperatingIncome":"None","depreciation":"1904000","depreciationAndAmortization":"1904000","incomeBeforeTax":"6450000","incomeTaxExpense":"2126000","interestAndDebtExpense":"8928000","netIncomeFromContinuingOperations":"4324000","comprehensiveIncomeNetOfTax":"6561000","ebit":"15378000","ebitda":"8354000","netIncome":"4324000"},{"fiscalDateEnding":"2013-12-31","reportedCurrency":"USD","grossProfit":"5772000","totalRevenue":"26578000","costOfRevenue":"20806000","costofGoodsAndServicesSold":"None","operatingIncome":"-3395000","sellingGeneralAndAdministrative":"13244000","researchAndDevelopment":"None","operatingExpenses":"17041000","investmentIncomeNet":"None","netInterestIncome":"17448000","interestIncome":"25536000","interestExpense":"8088000","nonInterestIncome":"9517000","otherNonOperatingIncome":"None","depreciation":"2257000","depreciationAndAmortization":"2257000","incomeBeforeTax":"6159000","incomeTaxExpense":"1566000","interestAndDebtExpense":"8088000","netIncomeFromContinuingOperations":"4593000","comprehensiveIncomeNetOfTax":"403000","ebit":"14247000","ebitda":"8416000","netIncome":"4593000"}],"quarterlyReports":[{"fiscalDateEnding":"2024-09-30","reportedCurrency":"USD","grossProfit":"3752000","totalRevenue":"30404000","costOfRevenue":"26652000","costofGoodsAndServicesSold":"1895000","operatingIncome":"-1291000","sellingGeneralAndAdministrative":"5043000","researchAndDevelopment":"None","operatingExpenses":"5043000","investmentIncomeNet":"None","netInterestIncome":"21765000","interestIncome":"None","interestExpense":"53225000","nonInterestIncome":"12029000","otherNonOperatingIncome":"None","depreciation":"None","depreciationAndAmortization":"2184000","incomeBeforeTax":"7610000","incomeTaxExpense":"620000","interestAndDebtExpense":"None","netIncomeFromContinuingOperations":"6990000","comprehensiveIncomeNetOfTax":"13251000","ebit":"-1291000","ebitda":"9794000","netIncome":"6990000"},{"fiscalDateEnding":"2024-06-30","reportedCurrency":"USD","grossProfit":"2073000","totalRevenue":"28329000","costOfRevenue":"26256000","costofGoodsAndServicesSold":"None","operatingIncome":"-3318000","sellingGeneralAndAdministrative":"5391000","researchAndDevelopment":"None","operatingExpenses":"5391000","investmentIncomeNet":"None","netInterestIncome":"21327000","interestIncome":"None","interestExpense":"49634000","nonInterestIncome":"11033000","otherNonOperatingIncome":"None","depreciation":"None","depreciationAndAmortization":"1980000","incomeBeforeTax":"5993000","incomeTaxExpense":"218000","interestAndDebtExpense":"None","netIncomeFromContinuingOperations":"5775000","comprehensiveIncomeNetOfTax":"5290000","ebit":"-3318000","ebitda":"7973000","netIncome":"5775000"},{"fiscalDateEnding":"2024-03-31","reportedCurrency":"USD","grossProfit":"3162000","totalRevenue":"26633000","costOfRevenue":"23471000","costofGoodsAndServicesSold":"None","operatingIncome":"-1817000","sellingGeneralAndAdministrative":"4979000","researchAndDevelopment":"None","operatingExpenses":"4979000","investmentIncomeNet":"None","netInterestIncome":"20734000","interestIncome":"None","interestExpense":"5302000","nonInterestIncome":"8347000","otherNonOperatingIncome":"None","depreciation":"None","depreciationAndAmortization":"1866000","incomeBeforeTax":"5610000","incomeTaxExpense":"429000","interestAndDebtExpense":"None","netIncomeFromContinuingOperations":"5181000","comprehensiveIncomeNetOfTax":"4454000","ebit":"-1817000","ebitda":"7476000","netIncome":"5181000"},{"fiscalDateEnding":"2023-12-31","reportedCurrency":"USD","grossProfit":"-36000","totalRevenue":"23614000","costOfRevenue":"23650000","costofGoodsAndServicesSold":"None","operatingIncome":"-4786000","sellingGeneralAndAdministrative":"4750000","researchAndDevelopment":"None","operatingExpenses":"4750000","investmentIncomeNet":"None","netInterestIncome":"19807000","interestIncome":"66272000","interestExpense":"46465000","nonInterestIncome":"7401000","otherNonOperatingIncome":"None","depreciation":"None","depreciationAndAmortization":"2729000","incomeBeforeTax":"3558000","incomeTaxExpense":"-585000","interestAndDebtExpense":"46465000","netIncomeFromContinuingOperations":"4143000","comprehensiveIncomeNetOfTax":"15965000","ebit":"50023000","ebitda":"6287000","netIncome":"4143000"},{"fiscalDateEnding":"2023-09-30","reportedCurrency":"USD","grossProfit":"1233000","totalRevenue":"22839000","costOfRevenue":"21606000","costofGoodsAndServicesSold":"None","operatingIncome":"-2835000","sellingGeneralAndAdministrative":"4068000","researchAndDevelopment":"None","operatingExpenses":"4068000","investmentIncomeNet":"None","netInterestIncome":"17378000","interestIncome":"63015000","interestExpense":"45637000","nonInterestIncome":"7407000","otherNonOperatingIncome":"None","depreciation":"None","depreciationAndAmortization":"101000","incomeBeforeTax":"3083000","incomeTaxExpense":"-326000","interestAndDebtExpense":"45637000","netIncomeFromContinuingOperations":"3409000","comprehensiveIncomeNetOfTax":"-4602000","ebit":"48720000","ebitda":"3184000","netIncome":"3409000"},{"fiscalDateEnding":"2023-06-30","reportedCurrency":"USD","grossProfit":"1950000","totalRevenue":"22318000","costOfRevenue":"20368000","costofGoodsAndServicesSold":"None","operatingIncome":"-2647000","sellingGeneralAndAdministrative":"4597000","researchAndDevelopment":"None","operatingExpenses":"4597000","investmentIncomeNet":"None","netInterestIncome":"18145000","interestIncome":"58122000","interestExpense":"39977000","nonInterestIncome":"5871000","otherNonOperatingIncome":"None","depreciation":"None","depreciationAndAmortization":"1860000","incomeBeforeTax":"3648000","incomeTaxExpense":"-234000","interestAndDebtExpense":"39977000","netIncomeFromContinuingOperations":"3882000","comprehensiveIncomeNetOfTax":"1949000","ebit":"43625000","ebitda":"5508000","netIncome":"3882000"},{"fiscalDateEnding":"2023-03-31","reportedCurrency":"USD","grossProfit":"-14764000","totalRevenue":"15605000","costOfRevenue":"30369000","costofGoodsAndServicesSold":"None","operatingIncome":"-19970000","sellingGeneralAndAdministrative":"5206000","researchAndDevelopment":"None","operatingExpenses":"5206000","investmentIncomeNet":"None","netInterestIncome":"19574000","interestIncome":"52033000","interestExpense":"32459000","nonInterestIncome":"5446000","otherNonOperatingIncome":"None","depreciation":"None","depreciationAndAmortization":"1058000","incomeBeforeTax":"-5349000","incomeTaxExpense":"-2332000","interestAndDebtExpense":"32459000","netIncomeFromContinuingOperations":"-3017000","comprehensiveIncomeNetOfTax":"-634000","ebit":"27110000","ebitda":"-4291000","netIncome":"-3017000"},{"fiscalDateEnding":"2022-12-31","reportedCurrency":"USD","grossProfit":"4745000","totalRevenue":"25367000","costOfRevenue":"20622000","costofGoodsAndServicesSold":"None","operatingIncome":"-494000","sellingGeneralAndAdministrative":"5239000","researchAndDevelopment":"None","operatingExpenses":"5239000","investmentIncomeNet":"None","netInterestIncome":"21669000","interestIncome":"45669000","interestExpense":"24000000","nonInterestIncome":"5807000","otherNonOperatingIncome":"None","depreciation":"None","depreciationAndAmortization":"1984000","incomeBeforeTax":"6854000","incomeTaxExpense":"503000","interestAndDebtExpense":"24000000","netIncomeFromContinuingOperations":"6351000","comprehensiveIncomeNetOfTax":"11858000","ebit":"30854000","ebitda":"8838000","netIncome":"6351000"},{"fiscalDateEnding":"2022-09-30","reportedCurrency":"USD","grossProfit":"8531000","totalRevenue":"27418000","costOfRevenue":"18887000","costofGoodsAndServicesSold":"None","operatingIncome":"3409000","sellingGeneralAndAdministrative":"5122000","researchAndDevelopment":"None","operatingExpenses":"5122000","investmentIncomeNet":"None","netInterestIncome":"23994000","interestIncome":"39099000","interestExpense":"15105000","nonInterestIncome":"4316000","otherNonOperatingIncome":"None","depreciation":"None","depreciationAndAmortization":"2141000","incomeBeforeTax":"9423000","incomeTaxExpense":"987000","interestAndDebtExpense":"15105000","netIncomeFromContinuingOperations":"8436000","comprehensiveIncomeNetOfTax":"43000","ebit":"24528000","ebitda":"11564001","netIncome":"8436000"},{"fiscalDateEnding":"2022-06-30","reportedCurrency":"USD","grossProfit":"9639000","totalRevenue":"28809000","costOfRevenue":"19170000","costofGoodsAndServicesSold":"None","operatingIncome":"4613000","sellingGeneralAndAdministrative":"5026000","researchAndDevelopment":"None","operatingExpenses":"5026000","investmentIncomeNet":"None","netInterestIncome":"25680000","interestIncome":"36106000","interestExpense":"10426000","nonInterestIncome":"4314000","otherNonOperatingIncome":"None","depreciation":"None","depreciationAndAmortization":"2276000","incomeBeforeTax":"10824000","incomeTaxExpense":"1279000","interestAndDebtExpense":"10426000","netIncomeFromContinuingOperations":"9545000","comprehensiveIncomeNetOfTax":"1656000","ebit":"21250000","ebitda":"13100000","netIncome":"9545000"},{"fiscalDateEnding":"2022-03-31","reportedCurrency":"USD","grossProfit":"12208000","totalRevenue":"31779000","costOfRevenue":"19571000","costofGoodsAndServicesSold":"None","operatingIncome":"6538000","sellingGeneralAndAdministrative":"5670000","researchAndDevelopment":"None","operatingExpenses":"5670000","investmentIncomeNet":"None","netInterestIncome":"25750000","interestIncome":"36034000","interestExpense":"10284000","nonInterestIncome":"6820000","otherNonOperatingIncome":"None","depreciation":"None","depreciationAndAmortization":"2328000","incomeBeforeTax":"12999000","incomeTaxExpense":"1790000","interestAndDebtExpense":"10284000","netIncomeFromContinuingOperations":"11209000","comprehensiveIncomeNetOfTax":"-613000","ebit":"23283000","ebitda":"15327000","netIncome":"11209000"},{"fiscalDateEnding":"2021-12-31","reportedCurrency":"USD","grossProfit":"14720000","totalRevenue":"31437000","costOfRevenue":"16717000","costofGoodsAndServicesSold":"None","operatingIncome":"9949000","sellingGeneralAndAdministrative":"4771000","researchAndDevelopment":"None","operatingExpenses":"4771000","investmentIncomeNet":"None","netInterestIncome":"23505000","interestIncome":"34192000","interestExpense":"10687000","nonInterestIncome":"7694000","otherNonOperatingIncome":"None","depreciation":"None","depreciationAndAmortization":"2126000","incomeBeforeTax":"14482000","incomeTaxExpense":"2004000","interestAndDebtExpense":"10687000","netIncomeFromContinuingOperations":"12478000","comprehensiveIncomeNetOfTax":"14607000","ebit":"25169000","ebitda":"16608000","netIncome":"12478000"},{"fiscalDateEnding":"2021-09-30","reportedCurrency":"USD","grossProfit":"14339000","totalRevenue":"28761000","costOfRevenue":"14422000","costofGoodsAndServicesSold":"None","operatingIncome":"10731000","sellingGeneralAndAdministrative":"3608000","researchAndDevelopment":"None","operatingExpenses":"3608000","investmentIncomeNet":"None","netInterestIncome":"20919000","interestIncome":"33034000","interestExpense":"12115000","nonInterestIncome":"7813000","otherNonOperatingIncome":"None","depreciation":"None","depreciationAndAmortization":"2611000","incomeBeforeTax":"14310000","incomeTaxExpense":"2220000","interestAndDebtExpense":"12115000","netIncomeFromContinuingOperations":"12090000","comprehensiveIncomeNetOfTax":"11833000","ebit":"26425000","ebitda":"16921001","netIncome":"12090000"},{"fiscalDateEnding":"2021-06-30","reportedCurrency":"USD","grossProfit":"15452000","totalRevenue":"30548000","costOfRevenue":"15096000","costofGoodsAndServicesSold":"None","operatingIncome":"11533000","sellingGeneralAndAdministrative":"3919000","researchAndDevelopment":"None","operatingExpenses":"1396000","investmentIncomeNet":"None","netInterestIncome":"21607000","interestIncome":"33377000","interestExpense":"11770000","nonInterestIncome":"8962000","otherNonOperatingIncome":"None","depreciation":"None","depreciationAndAmortization":"3755000","incomeBeforeTax":"15473000","incomeTaxExpense":"2377000","interestAndDebtExpense":"11770000","netIncomeFromContinuingOperations":"13096000","comprehensiveIncomeNetOfTax":"14105000","ebit":"27243000","ebitda":"19228001","netIncome":"13096000"},{"fiscalDateEnding":"2021-03-31","reportedCurrency":"USD","grossProfit":"11031000","totalRevenue":"27624000","costOfRevenue":"16593000","costofGoodsAndServicesSold":"None","operatingIncome":"7302000","sellingGeneralAndAdministrative":"3729000","researchAndDevelopment":"None","operatingExpenses":"3729000","investmentIncomeNet":"None","netInterestIncome":"20525000","interestIncome":"33280000","interestExpense":"12755000","nonInterestIncome":"8375000","otherNonOperatingIncome":"None","depreciation":"None","depreciationAndAmortization":"283000","incomeBeforeTax":"12307000","incomeTaxExpense":"1857000","interestAndDebtExpense":"12755000","netIncomeFromContinuingOperations":"10450000","comprehensiveIncomeNetOfTax":"13726000","ebit":"25062000","ebitda":"12590001","netIncome":"10450000"},{"fiscalDateEnding":"2020-12-31","reportedCurrency":"USD","grossProfit":"11281000","totalRevenue":"28658000","costOfRevenue":"17377000","costofGoodsAndServicesSold":"None","operatingIncome":"11281000","sellingGeneralAndAdministrative":"3257000","researchAndDevelopment":"None","operatingExpenses":"3257000","investmentIncomeNet":"None","netInterestIncome":"18865000","interestIncome":"33643000","interestExpense":"14778000","nonInterestIncome":"12657000","otherNonOperatingIncome":"None","depreciation":"None","depreciationAndAmortization":"2132000","incomeBeforeTax":"14145000","incomeTaxExpense":"3055000","interestAndDebtExpense":"14778000","netIncomeFromContinuingOperations":"11090000","comprehensiveIncomeNetOfTax":"12985000","ebit":"28923000","ebitda":"16278000","netIncome":"11090000"},{"fiscalDateEnding":"2020-09-30","reportedCurrency":"USD","grossProfit":"7297000","totalRevenue":"26218000","costOfRevenue":"18921000","costofGoodsAndServicesSold":"None","operatingIncome":"4301000","sellingGeneralAndAdministrative":"2996000","researchAndDevelopment":"None","operatingExpenses":"2996000","investmentIncomeNet":"None","netInterestIncome":"16232000","interestIncome":"32750000","interestExpense":"16518000","nonInterestIncome":"12495000","otherNonOperatingIncome":"None","depreciation":"None","depreciationAndAmortization":"1824000","incomeBeforeTax":"9806000","incomeTaxExpense":"1395000","interestAndDebtExpense":"16518000","netIncomeFromContinuingOperations":"8411000","comprehensiveIncomeNetOfTax":"10459000","ebit":"26324000","ebitda":"11630001","netIncome":"8411000"},{"fiscalDateEnding":"2020-06-30","reportedCurrency":"USD","grossProfit":"1173000","totalRevenue":"16908000","costOfRevenue":"15735000","costofGoodsAndServicesSold":"None","operatingIncome":"-2111000","sellingGeneralAndAdministrative":"3284000","researchAndDevelopment":"None","operatingExpenses":"3284000","investmentIncomeNet":"None","netInterestIncome":"14426000","interestIncome":"34222000","interestExpense":"19796000","nonInterestIncome":"4973000","otherNonOperatingIncome":"None","depreciation":"None","depreciationAndAmortization":"2231000","incomeBeforeTax":"3664000","incomeTaxExpense":"-268000","interestAndDebtExpense":"19796000","netIncomeFromContinuingOperations":"3932000","comprehensiveIncomeNetOfTax":"2660000","ebit":"23460000","ebitda":"5895000","netIncome":"3932000"},{"fiscalDateEnding":"2020-03-31","reportedCurrency":"USD","grossProfit":"4821000","totalRevenue":"19768000","costOfRevenue":"14947000","costofGoodsAndServicesSold":"None","operatingIncome":"1269000","sellingGeneralAndAdministrative":"3552000","researchAndDevelopment":"None","operatingExpenses":"3552000","investmentIncomeNet":"None","netInterestIncome":"15018000","interestIncome":"36244000","interestExpense":"21226000","nonInterestIncome":"6211000","otherNonOperatingIncome":"None","depreciation":"None","depreciationAndAmortization":"1644000","incomeBeforeTax":"6282000","incomeTaxExpense":"263000","interestAndDebtExpense":"21226000","netIncomeFromContinuingOperations":"6019000","comprehensiveIncomeNetOfTax":"344000","ebit":"27508000","ebitda":"7926000","netIncome":"6019000"},{"fiscalDateEnding":"2019-12-31","reportedCurrency":"USD","grossProfit":"7230000","totalRevenue":"20311000","costOfRevenue":"13081000","costofGoodsAndServicesSold":"None","operatingIncome":"7230000","sellingGeneralAndAdministrative":"3519000","researchAndDevelopment":"None","operatingExpenses":"3519000","investmentIncomeNet":"None","netInterestIncome":"15374000","interestIncome":"37877000","interestExpense":"22503000","nonInterestIncome":"5405000","otherNonOperatingIncome":"None","depreciation":"None","depreciationAndAmortization":"1824000","incomeBeforeTax":"7698000","incomeTaxExpense":"602000","interestAndDebtExpense":"22503000","netIncomeFromContinuingOperations":"7096000","comprehensiveIncomeNetOfTax":"9960000","ebit":"30201000","ebitda":"9522000","netIncome":"7096000"},{"fiscalDateEnding":"2019-09-30","reportedCurrency":"USD","grossProfit":"3951000","totalRevenue":"17978000","costOfRevenue":"14027000","costofGoodsAndServicesSold":"None","operatingIncome":"830000","sellingGeneralAndAdministrative":"3121000","researchAndDevelopment":"None","operatingExpenses":"3121000","investmentIncomeNet":"None","netInterestIncome":"15244000","interestIncome":"37694000","interestExpense":"22450000","nonInterestIncome":"5558000","otherNonOperatingIncome":"None","depreciation":"None","depreciationAndAmortization":"1200000","incomeBeforeTax":"6775000","incomeTaxExpense":"449000","interestAndDebtExpense":"22450000","netIncomeFromContinuingOperations":"6326000","comprehensiveIncomeNetOfTax":"4849000","ebit":"29225000","ebitda":"7975000","netIncome":"6326000"},{"fiscalDateEnding":"2019-06-30","reportedCurrency":"USD","grossProfit":"5072000","totalRevenue":"18170000","costOfRevenue":"13098000","costofGoodsAndServicesSold":"None","operatingIncome":"1946000","sellingGeneralAndAdministrative":"3126000","researchAndDevelopment":"None","operatingExpenses":"3126000","investmentIncomeNet":"None","netInterestIncome":"16105000","interestIncome":"36844000","interestExpense":"20739000","nonInterestIncome":"3454000","otherNonOperatingIncome":"None","depreciation":"None","depreciationAndAmortization":"1653000","incomeBeforeTax":"6461000","incomeTaxExpense":"340000","interestAndDebtExpense":"20739000","netIncomeFromContinuingOperations":"6121000","comprehensiveIncomeNetOfTax":"4711000","ebit":"27200000","ebitda":"8114000","netIncome":"6121000"},{"fiscalDateEnding":"2019-03-31","reportedCurrency":"USD","grossProfit":"4937000","totalRevenue":"17331000","costOfRevenue":"12394000","costofGoodsAndServicesSold":"None","operatingIncome":"-4484000","sellingGeneralAndAdministrative":"9421000","researchAndDevelopment":"None","operatingExpenses":"9421000","investmentIncomeNet":"None","netInterestIncome":"16244000","interestIncome":"34999000","interestExpense":"18755000","nonInterestIncome":"2372000","otherNonOperatingIncome":"None","depreciation":"None","depreciationAndAmortization":"2447000","incomeBeforeTax":"6222000","incomeTaxExpense":"526000","interestAndDebtExpense":"18755000","netIncomeFromContinuingOperations":"5696000","comprehensiveIncomeNetOfTax":"8069000","ebit":"24977000","ebitda":"8669001","netIncome":"5696000"},{"fiscalDateEnding":"2018-12-31","reportedCurrency":"USD","grossProfit":"1755000","totalRevenue":"15981000","costOfRevenue":"14226000","costofGoodsAndServicesSold":"None","operatingIncome":"1755000","sellingGeneralAndAdministrative":"9470000","researchAndDevelopment":"None","operatingExpenses":"9470000","investmentIncomeNet":"None","netInterestIncome":"15421000","interestIncome":"31849000","interestExpense":"16428000","nonInterestIncome":"2047000","otherNonOperatingIncome":"None","depreciation":"None","depreciationAndAmortization":"1405000","incomeBeforeTax":"3242000","incomeTaxExpense":"-334000","interestAndDebtExpense":"16428000","netIncomeFromContinuingOperations":"3576000","comprehensiveIncomeNetOfTax":"1482000","ebit":"19670000","ebitda":"4647000","netIncome":"3576000"},{"fiscalDateEnding":"2018-09-30","reportedCurrency":"USD","grossProfit":"6143000","totalRevenue":"17076000","costOfRevenue":"10933000","costofGoodsAndServicesSold":"None","operatingIncome":"-2483000","sellingGeneralAndAdministrative":"8626000","researchAndDevelopment":"None","operatingExpenses":"8626000","investmentIncomeNet":"None","netInterestIncome":"15970000","interestIncome":"30223000","interestExpense":"14253000","nonInterestIncome":"1994000","otherNonOperatingIncome":"None","depreciation":"None","depreciationAndAmortization":"1314000","incomeBeforeTax":"7031000","incomeTaxExpense":"743000","interestAndDebtExpense":"14253000","netIncomeFromContinuingOperations":"6288000","comprehensiveIncomeNetOfTax":"5919000","ebit":"21284000","ebitda":"8345000","netIncome":"6288000"},{"fiscalDateEnding":"2018-06-30","reportedCurrency":"USD","grossProfit":"6122000","totalRevenue":"16971000","costOfRevenue":"10849000","costofGoodsAndServicesSold":"None","operatingIncome":"-2459000","sellingGeneralAndAdministrative":"8581000","researchAndDevelopment":"None","operatingExpenses":"8581000","investmentIncomeNet":"None","netInterestIncome":"15461000","interestIncome":"27416000","interestExpense":"11955000","nonInterestIncome":"2177000","otherNonOperatingIncome":"None","depreciation":"None","depreciationAndAmortization":"1523000","incomeBeforeTax":"6789000","incomeTaxExpense":"781000","interestAndDebtExpense":"11955000","netIncomeFromContinuingOperations":"6008000","comprehensiveIncomeNetOfTax":"3204000","ebit":"18744000","ebitda":"8312000","netIncome":"6008000"},{"fiscalDateEnding":"2018-03-31","reportedCurrency":"USD","grossProfit":"6040000","totalRevenue":"17107000","costOfRevenue":"11067000","costofGoodsAndServicesSold":"None","operatingIncome":"-2909000","sellingGeneralAndAdministrative":"8949000","researchAndDevelopment":"None","operatingExpenses":"8949000","investmentIncomeNet":"None","netInterestIncome":"15415000","interestIncome":"25979000","interestExpense":"10564000","nonInterestIncome":"2542000","otherNonOperatingIncome":"None","depreciation":"None","depreciationAndAmortization":"1425000","incomeBeforeTax":"6890000","incomeTaxExpense":"862000","interestAndDebtExpense":"10564000","netIncomeFromContinuingOperations":"6028000","comprehensiveIncomeNetOfTax":"836000","ebit":"17454000","ebitda":"8315001","netIncome":"6028000"},{"fiscalDateEnding":"2017-12-31","reportedCurrency":"USD","grossProfit":"5840000","totalRevenue":"16720000","costOfRevenue":"10880000","costofGoodsAndServicesSold":"None","operatingIncome":"5840000","sellingGeneralAndAdministrative":"8975000","researchAndDevelopment":"None","operatingExpenses":"8975000","investmentIncomeNet":"None","netInterestIncome":"15360000","interestIncome":"24638000","interestExpense":"9278000","nonInterestIncome":"2539000","otherNonOperatingIncome":"None","depreciation":"None","depreciationAndAmortization":"1423000","incomeBeforeTax":"7019000","incomeTaxExpense":"3521000","interestAndDebtExpense":"9278000","netIncomeFromContinuingOperations":"3498000","comprehensiveIncomeNetOfTax":"3514000","ebit":"16297000","ebitda":"8442000","netIncome":"3498000"},{"fiscalDateEnding":"2017-09-30","reportedCurrency":"USD","grossProfit":"5253000","totalRevenue":"15990000","costOfRevenue":"10737000","costofGoodsAndServicesSold":"None","operatingIncome":"-2909000","sellingGeneralAndAdministrative":"8162000","researchAndDevelopment":"None","operatingExpenses":"8162000","investmentIncomeNet":"None","netInterestIncome":"14191000","interestIncome":"22694000","interestExpense":"8503000","nonInterestIncome":"3135000","otherNonOperatingIncome":"None","depreciation":"None","depreciationAndAmortization":"1408000","incomeBeforeTax":"6589000","incomeTaxExpense":"1694000","interestAndDebtExpense":"8503000","netIncomeFromContinuingOperations":"4895000","comprehensiveIncomeNetOfTax":"5651000","ebit":"15092000","ebitda":"7997000","netIncome":"4895000"},{"fiscalDateEnding":"2017-06-30","reportedCurrency":"USD","grossProfit":"4143000","totalRevenue":"14388000","costOfRevenue":"10245000","costofGoodsAndServicesSold":"None","operatingIncome":"-3628000","sellingGeneralAndAdministrative":"7771000","researchAndDevelopment":"None","operatingExpenses":"7771000","investmentIncomeNet":"None","netInterestIncome":"12974000","interestIncome":"19975000","interestExpense":"7001000","nonInterestIncome":"2736000","otherNonOperatingIncome":"None","depreciation":"None","depreciationAndAmortization":"1263000","incomeBeforeTax":"5465000","incomeTaxExpense":"1464000","interestAndDebtExpense":"7001000","netIncomeFromContinuingOperations":"4001000","comprehensiveIncomeNetOfTax":"6485000","ebit":"12466000","ebitda":"6728000","netIncome":"4001000"},{"fiscalDateEnding":"2017-03-31","reportedCurrency":"USD","grossProfit":"2820000","totalRevenue":"12553000","costOfRevenue":"9733000","costofGoodsAndServicesSold":"None","operatingIncome":"-4774000","sellingGeneralAndAdministrative":"7594000","researchAndDevelopment":"None","operatingExpenses":"7596000","investmentIncomeNet":"None","netInterestIncome":"11457000","interestIncome":"17390000","interestExpense":"5933000","nonInterestIncome":"2131000","otherNonOperatingIncome":"None","depreciation":"None","depreciationAndAmortization":"1205000","incomeBeforeTax":"3855000","incomeTaxExpense":"1023000","interestAndDebtExpense":"5933000","netIncomeFromContinuingOperations":"2832000","comprehensiveIncomeNetOfTax":"3825000","ebit":"9788000","ebitda":"5060000","netIncome":"2832000"},{"fiscalDateEnding":"2016-12-31","reportedCurrency":"USD","grossProfit":"5125000","totalRevenue":"13539000","costOfRevenue":"8414000","costofGoodsAndServicesSold":"None","operatingIncome":"5125000","sellingGeneralAndAdministrative":"7637000","researchAndDevelopment":"None","operatingExpenses":"7641000","investmentIncomeNet":"None","netInterestIncome":"10904000","interestIncome":"16764000","interestExpense":"5860000","nonInterestIncome":"2891000","otherNonOperatingIncome":"None","depreciation":"None","depreciationAndAmortization":"1232000","incomeBeforeTax":"5381000","incomeTaxExpense":"1671000","interestAndDebtExpense":"5860000","netIncomeFromContinuingOperations":"3710000","comprehensiveIncomeNetOfTax":"-6484000","ebit":"11241000","ebitda":"6613001","netIncome":"3710000"},{"fiscalDateEnding":"2016-09-30","reportedCurrency":"USD","grossProfit":"2415000","totalRevenue":"13032000","costOfRevenue":"10617000","costofGoodsAndServicesSold":"None","operatingIncome":"-4759000","sellingGeneralAndAdministrative":"7174000","researchAndDevelopment":"None","operatingExpenses":"7169000","investmentIncomeNet":"None","netInterestIncome":"10338000","interestIncome":"15471000","interestExpense":"5133000","nonInterestIncome":"4898000","otherNonOperatingIncome":"None","depreciation":"None","depreciationAndAmortization":"1099000","incomeBeforeTax":"4619000","incomeTaxExpense":"1521000","interestAndDebtExpense":"5133000","netIncomeFromContinuingOperations":"3098000","comprehensiveIncomeNetOfTax":"1617000","ebit":"9752000","ebitda":"5718000","netIncome":"3098000"},{"fiscalDateEnding":"2016-06-30","reportedCurrency":"USD","grossProfit":"3331000","totalRevenue":"12130000","costOfRevenue":"8799000","costofGoodsAndServicesSold":"None","operatingIncome":"-3565000","sellingGeneralAndAdministrative":"6896000","researchAndDevelopment":"None","operatingExpenses":"6944000","investmentIncomeNet":"None","netInterestIncome":"9306000","interestIncome":"13971000","interestExpense":"4665000","nonInterestIncome":"3748000","otherNonOperatingIncome":"None","depreciation":"None","depreciationAndAmortization":"893000","incomeBeforeTax":"4255000","incomeTaxExpense":"1421000","interestAndDebtExpense":"4665000","netIncomeFromContinuingOperations":"2834000","comprehensiveIncomeNetOfTax":"5243000","ebit":"8920000","ebitda":"5148000","netIncome":"2834000"},{"fiscalDateEnding":"2016-03-31","reportedCurrency":"USD","grossProfit":"2784000","totalRevenue":"10735000","costOfRevenue":"7951000","costofGoodsAndServicesSold":"None","operatingIncome":"-3288000","sellingGeneralAndAdministrative":"6072000","researchAndDevelopment":"None","operatingExpenses":"6088000","investmentIncomeNet":"None","netInterestIncome":"9141000","interestIncome":"12693000","interestExpense":"3552000","nonInterestIncome":"2540000","otherNonOperatingIncome":"None","depreciation":"None","depreciationAndAmortization":"575000","incomeBeforeTax":"3730000","incomeTaxExpense":"1298000","interestAndDebtExpense":"3552000","netIncomeFromContinuingOperations":"2432000","comprehensiveIncomeNetOfTax":"3639000","ebit":"7282000","ebitda":"4305001","netIncome":"2432000"},{"fiscalDateEnding":"2015-12-31","reportedCurrency":"USD","grossProfit":"2727000","totalRevenue":"9965000","costOfRevenue":"7238000","costofGoodsAndServicesSold":"None","operatingIncome":"2727000","sellingGeneralAndAdministrative":"6084000","researchAndDevelopment":"None","operatingExpenses":"6044000","investmentIncomeNet":"None","netInterestIncome":"8568000","interestIncome":"11594000","interestExpense":"3026000","nonInterestIncome":"2143000","otherNonOperatingIncome":"None","depreciation":"None","depreciationAndAmortization":"554000","incomeBeforeTax":"3473000","incomeTaxExpense":"1195000","interestAndDebtExpense":"3026000","netIncomeFromContinuingOperations":"2278000","comprehensiveIncomeNetOfTax":"1543000","ebit":"6499000","ebitda":"4027000","netIncome":"2278000"},{"fiscalDateEnding":"2015-09-30","reportedCurrency":"USD","grossProfit":"3098000","totalRevenue":"9759000","costOfRevenue":"6661000","costofGoodsAndServicesSold":"None","operatingIncome":"-2360000","sellingGeneralAndAdministrative":"5458000","researchAndDevelopment":"None","operatingExpenses":"5485000","investmentIncomeNet":"None","netInterestIncome":"7839000","interestIncome":"10536000","interestExpense":"2697000","nonInterestIncome":"2374000","otherNonOperatingIncome":"None","depreciation":"None","depreciationAndAmortization":"466000","incomeBeforeTax":"3552000","incomeTaxExpense":"1229000","interestAndDebtExpense":"2697000","netIncomeFromContinuingOperations":"2323000","comprehensiveIncomeNetOfTax":"3087000","ebit":"6249000","ebitda":"4018000","netIncome":"2323000"},{"fiscalDateEnding":"2015-06-30","reportedCurrency":"USD","grossProfit":"3721000","totalRevenue":"9744000","costOfRevenue":"6023000","costofGoodsAndServicesSold":"None","operatingIncome":"-1888000","sellingGeneralAndAdministrative":"5609000","researchAndDevelopment":"None","operatingExpenses":"5642000","investmentIncomeNet":"None","netInterestIncome":"7572000","interestIncome":"10130000","interestExpense":"2558000","nonInterestIncome":"2476000","otherNonOperatingIncome":"None","depreciation":"None","depreciationAndAmortization":"466000","incomeBeforeTax":"3417000","incomeTaxExpense":"1152000","interestAndDebtExpense":"2558000","netIncomeFromContinuingOperations":"2265000","comprehensiveIncomeNetOfTax":"635000","ebit":"5975000","ebitda":"3883000","netIncome":"2265000"},{"fiscalDateEnding":"2015-03-31","reportedCurrency":"USD","grossProfit":"2781000","totalRevenue":"9480000","costOfRevenue":"6699000","costofGoodsAndServicesSold":"None","operatingIncome":"-2731000","sellingGeneralAndAdministrative":"5512000","researchAndDevelopment":"None","operatingExpenses":"5526000","investmentIncomeNet":"None","netInterestIncome":"6774000","interestIncome":"9187000","interestExpense":"2413000","nonInterestIncome":"3148000","otherNonOperatingIncome":"None","depreciation":"None","depreciationAndAmortization":"456000","incomeBeforeTax":"3223000","incomeTaxExpense":"1160000","interestAndDebtExpense":"2413000","netIncomeFromContinuingOperations":"2063000","comprehensiveIncomeNetOfTax":"2590000","ebit":"5636000","ebitda":"3679000","netIncome":"2063000"},{"fiscalDateEnding":"2014-12-31","reportedCurrency":"USD","grossProfit":"1820000","totalRevenue":"8086000","costOfRevenue":"6266000","costofGoodsAndServicesSold":"None","operatingIncome":"1820000","sellingGeneralAndAdministrative":"3970000","researchAndDevelopment":"None","operatingExpenses":"6107000","investmentIncomeNet":"None","netInterestIncome":"6375000","interestIncome":"8623000","interestExpense":"2248000","nonInterestIncome":"2098000","otherNonOperatingIncome":"None","depreciation":"None","depreciationAndAmortization":"472000","incomeBeforeTax":"2207000","incomeTaxExpense":"742000","interestAndDebtExpense":"2248000","netIncomeFromContinuingOperations":"1465000","comprehensiveIncomeNetOfTax":"2212000","ebit":"4455000","ebitda":"2679000","netIncome":"1465000"},{"fiscalDateEnding":"2014-09-30","reportedCurrency":"USD","grossProfit":"2109000","totalRevenue":"7782000","costOfRevenue":"5673000","costofGoodsAndServicesSold":"None","operatingIncome":"-2811000","sellingGeneralAndAdministrative":"3995000","researchAndDevelopment":"None","operatingExpenses":"7222000","investmentIncomeNet":"None","netInterestIncome":"5673000","interestIncome":"7947000","interestExpense":"2274000","nonInterestIncome":"1943000","otherNonOperatingIncome":"None","depreciation":"None","depreciationAndAmortization":"428000","incomeBeforeTax":"1943000","incomeTaxExpense":"661000","interestAndDebtExpense":"2274000","netIncomeFromContinuingOperations":"1282000","comprehensiveIncomeNetOfTax":"313000","ebit":"4217000","ebitda":"2371000","netIncome":"1282000"},{"fiscalDateEnding":"2014-06-30","reportedCurrency":"USD","grossProfit":"1706000","totalRevenue":"7193000","costOfRevenue":"5487000","costofGoodsAndServicesSold":"None","operatingIncome":"-2983000","sellingGeneralAndAdministrative":"3654000","researchAndDevelopment":"None","operatingExpenses":"6946000","investmentIncomeNet":"None","netInterestIncome":"5373000","interestIncome":"7612000","interestExpense":"2239000","nonInterestIncome":"1622000","otherNonOperatingIncome":"None","depreciation":"None","depreciationAndAmortization":"546000","incomeBeforeTax":"1508000","incomeTaxExpense":"531000","interestAndDebtExpense":"2239000","netIncomeFromContinuingOperations":"977000","comprehensiveIncomeNetOfTax":"3031000","ebit":"3747000","ebitda":"2054000","netIncome":"977000"},{"fiscalDateEnding":"2014-03-31","reportedCurrency":"USD","grossProfit":"1004000","totalRevenue":"6589000","costOfRevenue":"5585000","costofGoodsAndServicesSold":"None","operatingIncome":"-2564000","sellingGeneralAndAdministrative":"3674000","researchAndDevelopment":"None","operatingExpenses":"5748000","investmentIncomeNet":"None","netInterestIncome":"4866000","interestIncome":"7033000","interestExpense":"2167000","nonInterestIncome":"1511000","otherNonOperatingIncome":"None","depreciation":"None","depreciationAndAmortization":"458000","incomeBeforeTax":"792000","incomeTaxExpense":"192000","interestAndDebtExpense":"2167000","netIncomeFromContinuingOperations":"600000","comprehensiveIncomeNetOfTax":"1005000","ebit":"2959000","ebitda":"1250000","netIncome":"600000"},{"fiscalDateEnding":"2013-12-31","reportedCurrency":"USD","grossProfit":"440000","totalRevenue":"5917000","costOfRevenue":"5477000","costofGoodsAndServicesSold":"1000","operatingIncome":"4416000","sellingGeneralAndAdministrative":"3425000","researchAndDevelopment":"None","operatingExpenses":"-2169000","investmentIncomeNet":"None","netInterestIncome":"4964000","interestIncome":"7106000","interestExpense":"2142000","nonInterestIncome":"1170000","otherNonOperatingIncome":"None","depreciation":"1771000","depreciationAndAmortization":"483000","incomeBeforeTax":"657000","incomeTaxExpense":"-9000","interestAndDebtExpense":"2142000","netIncomeFromContinuingOperations":"666000","comprehensiveIncomeNetOfTax":"-43000","ebit":"2799000","ebitda":"1140000","netIncome":"666000"},{"fiscalDateEnding":"2013-09-30","reportedCurrency":"USD","grossProfit":"1067000","totalRevenue":"6150000","costOfRevenue":"5083000","costofGoodsAndServicesSold":"None","operatingIncome":"-3268000","sellingGeneralAndAdministrative":"3321000","researchAndDevelopment":"None","operatingExpenses":"6456000","investmentIncomeNet":"None","netInterestIncome":"4355000","interestIncome":"6442000","interestExpense":"2087000","nonInterestIncome":"1641000","otherNonOperatingIncome":"None","depreciation":"218000","depreciationAndAmortization":"509000","incomeBeforeTax":"913000","incomeTaxExpense":"186000","interestAndDebtExpense":"2087000","netIncomeFromContinuingOperations":"727000","comprehensiveIncomeNetOfTax":"650000","ebit":"3000000","ebitda":"1422000","netIncome":"727000"},{"fiscalDateEnding":"2013-06-30","reportedCurrency":"USD","grossProfit":"2401000","totalRevenue":"7950000","costOfRevenue":"5549000","costofGoodsAndServicesSold":"95000","operatingIncome":"-56000","sellingGeneralAndAdministrative":"3533000","researchAndDevelopment":"None","operatingExpenses":"3180000","investmentIncomeNet":"None","netInterestIncome":"4236000","interestIncome":"6159000","interestExpense":"1923000","nonInterestIncome":"3719000","otherNonOperatingIncome":"None","depreciation":"177000","depreciationAndAmortization":"380000","incomeBeforeTax":"2406000","incomeTaxExpense":"694000","interestAndDebtExpense":"1923000","netIncomeFromContinuingOperations":"1712000","comprehensiveIncomeNetOfTax":"-1581000","ebit":"4329000","ebitda":"2786000","netIncome":"1712000"},{"fiscalDateEnding":"2013-03-31","reportedCurrency":"USD","grossProfit":"1864000","totalRevenue":"6644000","costOfRevenue":"4780000","costofGoodsAndServicesSold":"None","operatingIncome":"-2189000","sellingGeneralAndAdministrative":"2965000","researchAndDevelopment":"None","operatingExpenses":"3242000","investmentIncomeNet":"None","netInterestIncome":"3893000","interestIncome":"5829000","interestExpense":"1936000","nonInterestIncome":"2971000","otherNonOperatingIncome":"None","depreciation":"91000","depreciationAndAmortization":"885000","incomeBeforeTax":"2183000","incomeTaxExpense":"695000","interestAndDebtExpense":"1936000","netIncomeFromContinuingOperations":"1488000","comprehensiveIncomeNetOfTax":"1377000","ebit":"4119000","ebitda":"3068000","netIncome":"1488000"},{"fiscalDateEnding":"2012-12-31","reportedCurrency":"USD","grossProfit":"7156000","totalRevenue":"7156000","costOfRevenue":"None","costofGoodsAndServicesSold":"None","operatingIncome":"2327000","sellingGeneralAndAdministrative":"600000","researchAndDevelopment":"None","operatingExpenses":"4829000","investmentIncomeNet":"None","netInterestIncome":"4089000","interestIncome":"6127000","interestExpense":"2038000","nonInterestIncome":"3811000","otherNonOperatingIncome":"None","depreciation":"2633000","depreciationAndAmortization":"-1749000","incomeBeforeTax":"2327000","incomeTaxExpense":"773000","interestAndDebtExpense":"None","netIncomeFromContinuingOperations":"None","comprehensiveIncomeNetOfTax":"992000","ebit":"4365000","ebitda":"578000","netIncome":"1554000"},{"fiscalDateEnding":"2012-09-30","reportedCurrency":"USD","grossProfit":"6356000","totalRevenue":"6356000","costOfRevenue":"None","costofGoodsAndServicesSold":"None","operatingIncome":"10465000","sellingGeneralAndAdministrative":"652000","researchAndDevelopment":"None","operatingExpenses":"4109000","investmentIncomeNet":"None","netInterestIncome":"3861000","interestIncome":"6031000","interestExpense":"2170000","nonInterestIncome":"3469000","otherNonOperatingIncome":"None","depreciation":"80000","depreciationAndAmortization":"907000","incomeBeforeTax":"2247000","incomeTaxExpense":"621000","interestAndDebtExpense":"None","netIncomeFromContinuingOperations":"None","comprehensiveIncomeNetOfTax":"2425000","ebit":"4417000","ebitda":"11372000","netIncome":"1626000"},{"fiscalDateEnding":"2012-06-30","reportedCurrency":"USD","grossProfit":"5802000","totalRevenue":"5802000","costOfRevenue":"None","costofGoodsAndServicesSold":"None","operatingIncome":"7731000","sellingGeneralAndAdministrative":"2273000","researchAndDevelopment":"None","operatingExpenses":"-1929000","investmentIncomeNet":"None","netInterestIncome":"3890000","interestIncome":"6055000","interestExpense":"2165000","nonInterestIncome":"2175000","otherNonOperatingIncome":"None","depreciation":"78000","depreciationAndAmortization":"725000","incomeBeforeTax":"1708000","incomeTaxExpense":"428000","interestAndDebtExpense":"None","netIncomeFromContinuingOperations":"None","comprehensiveIncomeNetOfTax":"1378000","ebit":"3873000","ebitda":"8456000","netIncome":"1280000"},{"fiscalDateEnding":"2012-03-31","reportedCurrency":"USD","grossProfit":"5895000","totalRevenue":"5895000","costOfRevenue":"None","costofGoodsAndServicesSold":"None","operatingIncome":"8113000","sellingGeneralAndAdministrative":"2319000","researchAndDevelopment":"None","operatingExpenses":"-2218000","investmentIncomeNet":"None","netInterestIncome":"3932000","interestIncome":"6091000","interestExpense":"2159000","nonInterestIncome":"2038000","otherNonOperatingIncome":"None","depreciation":"71000","depreciationAndAmortization":"425000","incomeBeforeTax":"1518000","incomeTaxExpense":"372000","interestAndDebtExpense":"None","netIncomeFromContinuingOperations":"None","comprehensiveIncomeNetOfTax":"1410000","ebit":"3677000","ebitda":"8538000","netIncome":"1146000"}]}