{"success":true,"limit_reached":false,"status_code":200,"error_message":null,"csv":null,"symbol":"INCR","annualReports":[{"fiscalDateEnding":"2023-12-31","reportedCurrency":"ILS","grossProfit":"105095000","totalRevenue":"355553000","costOfRevenue":"250458000","costofGoodsAndServicesSold":"250458000","operatingIncome":"-41567000","sellingGeneralAndAdministrative":"64300000","researchAndDevelopment":"388000","operatingExpenses":"146662000","investmentIncomeNet":"None","netInterestIncome":"-19672000","interestIncome":"5375000","interestExpense":"24219000","nonInterestIncome":"None","otherNonOperatingIncome":"None","depreciation":"None","depreciationAndAmortization":"13166000","incomeBeforeTax":"-61285000","incomeTaxExpense":"2248000","interestAndDebtExpense":"None","netIncomeFromContinuingOperations":"-63533000","comprehensiveIncomeNetOfTax":"None","ebit":"-37066000","ebitda":"-23900000","netIncome":"-61959000"},{"fiscalDateEnding":"2022-12-31","reportedCurrency":"ILS","grossProfit":"155083000","totalRevenue":"388684000","costOfRevenue":"233601000","costofGoodsAndServicesSold":"233601000","operatingIncome":"52802000","sellingGeneralAndAdministrative":"91721000","researchAndDevelopment":"632000","operatingExpenses":"102154000","investmentIncomeNet":"None","netInterestIncome":"-13845000","interestIncome":"844000","interestExpense":"14689000","nonInterestIncome":"None","otherNonOperatingIncome":"None","depreciation":"None","depreciationAndAmortization":"11699000","incomeBeforeTax":"43842000","incomeTaxExpense":"93000","interestAndDebtExpense":"None","netIncomeFromContinuingOperations":"43749000","comprehensiveIncomeNetOfTax":"None","ebit":"52802000","ebitda":"64501000","netIncome":"44819000"},{"fiscalDateEnding":"2021-12-31","reportedCurrency":"ILS","grossProfit":"91131000","totalRevenue":"219677000","costOfRevenue":"128546000","costofGoodsAndServicesSold":"128546000","operatingIncome":"28188000","sellingGeneralAndAdministrative":"30725000","researchAndDevelopment":"1235000","operatingExpenses":"58105000","investmentIncomeNet":"None","netInterestIncome":"-4915000","interestIncome":"130000","interestExpense":"5045000","nonInterestIncome":"None","otherNonOperatingIncome":"None","depreciation":"None","depreciationAndAmortization":"7393000","incomeBeforeTax":"18737000","incomeTaxExpense":"11441000","interestAndDebtExpense":"None","netIncomeFromContinuingOperations":"7296000","comprehensiveIncomeNetOfTax":"None","ebit":"30053000","ebitda":"37446000","netIncome":"7296000"},{"fiscalDateEnding":"2020-12-31","reportedCurrency":"ILS","grossProfit":"31975000","totalRevenue":"65035000","costOfRevenue":"33060000","costofGoodsAndServicesSold":"33060000","operatingIncome":"-1448000","sellingGeneralAndAdministrative":"17856000","researchAndDevelopment":"1576000","operatingExpenses":"28617000","investmentIncomeNet":"None","netInterestIncome":"-507000","interestIncome":"21000","interestExpense":"264000","nonInterestIncome":"None","otherNonOperatingIncome":"None","depreciation":"None","depreciationAndAmortization":"3253000","incomeBeforeTax":"-38308000","incomeTaxExpense":"-2268000","interestAndDebtExpense":"None","netIncomeFromContinuingOperations":"-36040000","comprehensiveIncomeNetOfTax":"None","ebit":"-37780000","ebitda":"-34527000","netIncome":"-36040000"},{"fiscalDateEnding":"2019-12-31","reportedCurrency":"ILS","grossProfit":"1479000","totalRevenue":"8926000","costOfRevenue":"7447000","costofGoodsAndServicesSold":"7447000","operatingIncome":"-80136000","sellingGeneralAndAdministrative":"76359000","researchAndDevelopment":"1710000","operatingExpenses":"81615000","investmentIncomeNet":"None","netInterestIncome":"-1831000","interestIncome":"141000","interestExpense":"1838000","nonInterestIncome":"None","otherNonOperatingIncome":"None","depreciation":"None","depreciationAndAmortization":"58932000","incomeBeforeTax":"-3669000","incomeTaxExpense":"-673000","interestAndDebtExpense":"None","netIncomeFromContinuingOperations":"-2996000","comprehensiveIncomeNetOfTax":"None","ebit":"-80136000","ebitda":"-21204000","netIncome":"-2996000"},{"fiscalDateEnding":"2018-12-31","reportedCurrency":"ILS","grossProfit":"None","totalRevenue":"0","costOfRevenue":"None","costofGoodsAndServicesSold":"None","operatingIncome":"-10622000","sellingGeneralAndAdministrative":"9810000","researchAndDevelopment":"None","operatingExpenses":"9810000","investmentIncomeNet":"None","netInterestIncome":"-1037000","interestIncome":"0","interestExpense":"1026000","nonInterestIncome":"None","otherNonOperatingIncome":"None","depreciation":"None","depreciationAndAmortization":"10000","incomeBeforeTax":"-12798000","incomeTaxExpense":"-1150000","interestAndDebtExpense":"None","netIncomeFromContinuingOperations":"-12798000","comprehensiveIncomeNetOfTax":"None","ebit":"-8171000","ebitda":"-8161000","netIncome":"-12798000"},{"fiscalDateEnding":"2017-12-31","reportedCurrency":"ILS","grossProfit":"0","totalRevenue":"0","costOfRevenue":"0","costofGoodsAndServicesSold":"0","operatingIncome":"-3983037.60","sellingGeneralAndAdministrative":"1119143","researchAndDevelopment":"None","operatingExpenses":"1119143","investmentIncomeNet":"None","netInterestIncome":"-639510.40","interestIncome":"0","interestExpense":"639510","nonInterestIncome":"None","otherNonOperatingIncome":"None","depreciation":"None","depreciationAndAmortization":"3475.60","incomeBeforeTax":"-5258582.80","incomeTaxExpense":"663839","interestAndDebtExpense":"None","netIncomeFromContinuingOperations":"-5258582.80","comprehensiveIncomeNetOfTax":"None","ebit":"-1094814","ebitda":"-1091338.40","netIncome":"-5258582.80"},{"fiscalDateEnding":"2016-12-31","reportedCurrency":"ILS","grossProfit":"None","totalRevenue":"None","costOfRevenue":"None","costofGoodsAndServicesSold":"None","operatingIncome":"1203985","sellingGeneralAndAdministrative":"1400162","researchAndDevelopment":"None","operatingExpenses":"1400162","investmentIncomeNet":"None","netInterestIncome":"None","interestIncome":"None","interestExpense":"411586","nonInterestIncome":"None","otherNonOperatingIncome":"None","depreciation":"None","depreciationAndAmortization":"-2273340.60","incomeBeforeTax":"265415","incomeTaxExpense":"3054200","interestAndDebtExpense":"None","netIncomeFromContinuingOperations":"None","comprehensiveIncomeNetOfTax":"None","ebit":"1203985.80","ebitda":"-1069354.80","netIncome":"265415"},{"fiscalDateEnding":"2015-12-31","reportedCurrency":"ILS","grossProfit":"862708","totalRevenue":"1401413","costOfRevenue":"538705","costofGoodsAndServicesSold":"538705","operatingIncome":"-2510053.38","sellingGeneralAndAdministrative":"2022095","researchAndDevelopment":"None","operatingExpenses":"2385136","investmentIncomeNet":"None","netInterestIncome":"None","interestIncome":"None","interestExpense":"206893.98","nonInterestIncome":"None","otherNonOperatingIncome":"None","depreciation":"None","depreciationAndAmortization":"870516","incomeBeforeTax":"-1877660.46","incomeTaxExpense":"-780732","interestAndDebtExpense":"None","netIncomeFromContinuingOperations":"None","comprehensiveIncomeNetOfTax":"None","ebit":"-2510053.20","ebitda":"-1639537.20","netIncome":"-1877660.46"},{"fiscalDateEnding":"2014-12-31","reportedCurrency":"ILS","grossProfit":"3777112","totalRevenue":"5650092","costOfRevenue":"1872980","costofGoodsAndServicesSold":"1872980","operatingIncome":"2671235","sellingGeneralAndAdministrative":"3169659","researchAndDevelopment":"50621","operatingExpenses":"5899303","investmentIncomeNet":"None","netInterestIncome":"None","interestIncome":"None","interestExpense":"109030.04","nonInterestIncome":"None","otherNonOperatingIncome":"None","depreciation":"None","depreciationAndAmortization":"23363","incomeBeforeTax":"-3792687.82","incomeTaxExpense":"0","interestAndDebtExpense":"None","netIncomeFromContinuingOperations":"None","comprehensiveIncomeNetOfTax":"None","ebit":"-2231221.31","ebitda":"-2207858.31","netIncome":"-3792687.82"},{"fiscalDateEnding":"2013-12-31","reportedCurrency":"ILS","grossProfit":"6407800","totalRevenue":"8250042","costOfRevenue":"1842242","costofGoodsAndServicesSold":"1842242","operatingIncome":"-1936270","sellingGeneralAndAdministrative":"2876545","researchAndDevelopment":"104475","operatingExpenses":"8344070","investmentIncomeNet":"None","netInterestIncome":"None","interestIncome":"None","interestExpense":"87062","nonInterestIncome":"None","otherNonOperatingIncome":"None","depreciation":"None","depreciationAndAmortization":"142782","incomeBeforeTax":"-6606302.50","incomeTaxExpense":"87062","interestAndDebtExpense":"None","netIncomeFromContinuingOperations":"None","comprehensiveIncomeNetOfTax":"None","ebit":"-2023332","ebitda":"-1880550","netIncome":"-6606302.50"},{"fiscalDateEnding":"2012-12-31","reportedCurrency":"ILS","grossProfit":"6474384","totalRevenue":"8469375","costOfRevenue":"1994991","costofGoodsAndServicesSold":"1994991","operatingIncome":"-2174317.08","sellingGeneralAndAdministrative":"4516751","researchAndDevelopment":"351178","operatingExpenses":"8648701","investmentIncomeNet":"None","netInterestIncome":"None","interestIncome":"None","interestExpense":"1830610","nonInterestIncome":"None","otherNonOperatingIncome":"None","depreciation":"None","depreciationAndAmortization":"112078","incomeBeforeTax":"43441510","incomeTaxExpense":"1830610","interestAndDebtExpense":"None","netIncomeFromContinuingOperations":"None","comprehensiveIncomeNetOfTax":"None","ebit":"-2237827.86","ebitda":"-2125749.86","netIncome":"43441510"},{"fiscalDateEnding":"2011-12-31","reportedCurrency":"ILS","grossProfit":"9176266","totalRevenue":"12068826","costOfRevenue":"2892560","costofGoodsAndServicesSold":"2892560","operatingIncome":"-1804044","sellingGeneralAndAdministrative":"5164742","researchAndDevelopment":"844932","operatingExpenses":"10980310","investmentIncomeNet":"None","netInterestIncome":"None","interestIncome":"None","interestExpense":"7079160","nonInterestIncome":"None","otherNonOperatingIncome":"None","depreciation":"None","depreciationAndAmortization":"224554","incomeBeforeTax":"-6759456","incomeTaxExpense":"41866","interestAndDebtExpense":"None","netIncomeFromContinuingOperations":"None","comprehensiveIncomeNetOfTax":"None","ebit":"-1872552","ebitda":"-1647998","netIncome":"-6801322"},{"fiscalDateEnding":"2010-12-31","reportedCurrency":"ILS","grossProfit":"10097579","totalRevenue":"13226906","costOfRevenue":"3129327","costofGoodsAndServicesSold":"3129327","operatingIncome":"-5002665.90","sellingGeneralAndAdministrative":"8586135","researchAndDevelopment":"1028917","operatingExpenses":"15100245","investmentIncomeNet":"None","netInterestIncome":"None","interestIncome":"None","interestExpense":"8809659","nonInterestIncome":"None","otherNonOperatingIncome":"None","depreciation":"None","depreciationAndAmortization":"496718","incomeBeforeTax":"-12517308.72","incomeTaxExpense":"46123","interestAndDebtExpense":"None","netIncomeFromContinuingOperations":"None","comprehensiveIncomeNetOfTax":"None","ebit":"-5094913.04","ebitda":"-4598195.04","netIncome":"-12563432.59"}],"quarterlyReports":[{"fiscalDateEnding":"2024-06-30","reportedCurrency":"None","grossProfit":"20830000","totalRevenue":"62866500","costOfRevenue":"42036500","costofGoodsAndServicesSold":"42036500","operatingIncome":"5256500","sellingGeneralAndAdministrative":"9187000","researchAndDevelopment":"109500","operatingExpenses":"15573500","investmentIncomeNet":"None","netInterestIncome":"None","interestIncome":"None","interestExpense":"None","nonInterestIncome":"None","otherNonOperatingIncome":"None","depreciation":"None","depreciationAndAmortization":"2046000","incomeBeforeTax":"737000","incomeTaxExpense":"740000","interestAndDebtExpense":"None","netIncomeFromContinuingOperations":"None","comprehensiveIncomeNetOfTax":"None","ebit":"5156000","ebitda":"7202000","netIncome":"716500"},{"fiscalDateEnding":"2024-03-31","reportedCurrency":"None","grossProfit":"20830000","totalRevenue":"62866500","costOfRevenue":"42036500","costofGoodsAndServicesSold":"42036500","operatingIncome":"5256500","sellingGeneralAndAdministrative":"9187000","researchAndDevelopment":"109500","operatingExpenses":"15573500","investmentIncomeNet":"None","netInterestIncome":"None","interestIncome":"None","interestExpense":"None","nonInterestIncome":"None","otherNonOperatingIncome":"None","depreciation":"None","depreciationAndAmortization":"2046000","incomeBeforeTax":"737000","incomeTaxExpense":"740000","interestAndDebtExpense":"None","netIncomeFromContinuingOperations":"None","comprehensiveIncomeNetOfTax":"None","ebit":"5156000","ebitda":"7202000","netIncome":"716500"},{"fiscalDateEnding":"2023-06-30","reportedCurrency":"ILS","grossProfit":"18158000","totalRevenue":"73469500","costOfRevenue":"55311500","costofGoodsAndServicesSold":"55311500","operatingIncome":"-6641000","sellingGeneralAndAdministrative":"10377000","researchAndDevelopment":"66000","operatingExpenses":"57008500","investmentIncomeNet":"None","netInterestIncome":"-5417000","interestIncome":"719000","interestExpense":"6136000","nonInterestIncome":"None","otherNonOperatingIncome":"None","depreciation":"None","depreciationAndAmortization":"1870250","incomeBeforeTax":"-31731000","incomeTaxExpense":"1944000","interestAndDebtExpense":"None","netIncomeFromContinuingOperations":"3725000","comprehensiveIncomeNetOfTax":"None","ebit":"-6641000","ebitda":"-4770750","netIncome":"-33528000"},{"fiscalDateEnding":"2023-03-31","reportedCurrency":"ILS","grossProfit":"34327000","totalRevenue":"106175000","costOfRevenue":"71848000","costofGoodsAndServicesSold":"71848000","operatingIncome":"5947000","sellingGeneralAndAdministrative":"12619000","researchAndDevelopment":"157000","operatingExpenses":"26346000","investmentIncomeNet":"None","netInterestIncome":"-4173000","interestIncome":"1533000","interestExpense":"5706000","nonInterestIncome":"None","otherNonOperatingIncome":"None","depreciation":"None","depreciationAndAmortization":"3177000","incomeBeforeTax":"1774000","incomeTaxExpense":"1682000","interestAndDebtExpense":"None","netIncomeFromContinuingOperations":"92000","comprehensiveIncomeNetOfTax":"None","ebit":"7476000","ebitda":"10653000","netIncome":"92000"},{"fiscalDateEnding":"2022-12-31","reportedCurrency":"ILS","grossProfit":"25860000","totalRevenue":"105606000","costOfRevenue":"79746000","costofGoodsAndServicesSold":"79746000","operatingIncome":"-1572000","sellingGeneralAndAdministrative":"58343000","researchAndDevelopment":"174000","operatingExpenses":"27432000","investmentIncomeNet":"None","netInterestIncome":"-12315000","interestIncome":"8122000","interestExpense":"4193000","nonInterestIncome":"None","otherNonOperatingIncome":"None","depreciation":"None","depreciationAndAmortization":"-4515000","incomeBeforeTax":"-8725000","incomeTaxExpense":"-13991000","interestAndDebtExpense":"None","netIncomeFromContinuingOperations":"5266000","comprehensiveIncomeNetOfTax":"None","ebit":"-1572000","ebitda":"-6087000","netIncome":"5266000"},{"fiscalDateEnding":"2022-09-30","reportedCurrency":"ILS","grossProfit":"46213000","totalRevenue":"100572000","costOfRevenue":"54359000","costofGoodsAndServicesSold":"54359000","operatingIncome":"16183000","sellingGeneralAndAdministrative":"13979000","researchAndDevelopment":"120000","operatingExpenses":"30873000","investmentIncomeNet":"None","netInterestIncome":"-4236000","interestIncome":"161000","interestExpense":"4397000","nonInterestIncome":"None","otherNonOperatingIncome":"None","depreciation":"None","depreciationAndAmortization":"215000","incomeBeforeTax":"11947000","incomeTaxExpense":"3639000","interestAndDebtExpense":"None","netIncomeFromContinuingOperations":"8308000","comprehensiveIncomeNetOfTax":"None","ebit":"16183000","ebitda":"16398000","netIncome":"7256000"},{"fiscalDateEnding":"2022-06-30","reportedCurrency":"ILS","grossProfit":"43626000","totalRevenue":"95277000","costOfRevenue":"51651000","costofGoodsAndServicesSold":"51651000","operatingIncome":"17926000","sellingGeneralAndAdministrative":"10240000","researchAndDevelopment":"176000","operatingExpenses":"24698000","investmentIncomeNet":"None","netInterestIncome":"3287000","interestIncome":"None","interestExpense":"5518000","nonInterestIncome":"None","otherNonOperatingIncome":"None","depreciation":"None","depreciationAndAmortization":"8878000","incomeBeforeTax":"21213000","incomeTaxExpense":"5737000","interestAndDebtExpense":"None","netIncomeFromContinuingOperations":"15476000","comprehensiveIncomeNetOfTax":"None","ebit":"17926000","ebitda":"26804000","netIncome":"15638000"},{"fiscalDateEnding":"2022-03-31","reportedCurrency":"ILS","grossProfit":"34366000","totalRevenue":"79701000","costOfRevenue":"45335000","costofGoodsAndServicesSold":"45335000","operatingIncome":"9053000","sellingGeneralAndAdministrative":"9846000","researchAndDevelopment":"220000","operatingExpenses":"21543000","investmentIncomeNet":"None","netInterestIncome":"-581000","interestIncome":"None","interestExpense":"1959000","nonInterestIncome":"None","otherNonOperatingIncome":"None","depreciation":"None","depreciationAndAmortization":"3208000","incomeBeforeTax":"2558000","incomeTaxExpense":"5595000","interestAndDebtExpense":"None","netIncomeFromContinuingOperations":"14699000","comprehensiveIncomeNetOfTax":"None","ebit":"10316000","ebitda":"13524000","netIncome":"-3069000"},{"fiscalDateEnding":"2021-12-31","reportedCurrency":"ILS","grossProfit":"34366000","totalRevenue":"79701000","costOfRevenue":"45335000","costofGoodsAndServicesSold":"45335000","operatingIncome":"9053000","sellingGeneralAndAdministrative":"9846000","researchAndDevelopment":"220000","operatingExpenses":"21543000","investmentIncomeNet":"None","netInterestIncome":"-1959000","interestIncome":"None","interestExpense":"1959000","nonInterestIncome":"None","otherNonOperatingIncome":"None","depreciation":"None","depreciationAndAmortization":"3208000","incomeBeforeTax":"2558000","incomeTaxExpense":"5595000","interestAndDebtExpense":"None","netIncomeFromContinuingOperations":"-3037000","comprehensiveIncomeNetOfTax":"None","ebit":"10316000","ebitda":"13524000","netIncome":"-3069000"},{"fiscalDateEnding":"2021-09-30","reportedCurrency":"ILS","grossProfit":"22056000","totalRevenue":"61695000","costOfRevenue":"39639000","costofGoodsAndServicesSold":"39639000","operatingIncome":"4541000","sellingGeneralAndAdministrative":"9288000","researchAndDevelopment":"298000","operatingExpenses":"15831000","investmentIncomeNet":"None","netInterestIncome":"-2464000","interestIncome":"None","interestExpense":"2464000","nonInterestIncome":"None","otherNonOperatingIncome":"None","depreciation":"None","depreciationAndAmortization":"1684000","incomeBeforeTax":"2077000","incomeTaxExpense":"1537000","interestAndDebtExpense":"None","netIncomeFromContinuingOperations":"540000","comprehensiveIncomeNetOfTax":"None","ebit":"6217000","ebitda":"7901000","netIncome":"-1644000"},{"fiscalDateEnding":"2021-06-30","reportedCurrency":"ILS","grossProfit":"19948000","totalRevenue":"45230000","costOfRevenue":"25282000","costofGoodsAndServicesSold":"25282000","operatingIncome":"8879000","sellingGeneralAndAdministrative":"6311000","researchAndDevelopment":"356000","operatingExpenses":"11521000","investmentIncomeNet":"None","netInterestIncome":"-403000","interestIncome":"None","interestExpense":"403000","nonInterestIncome":"None","otherNonOperatingIncome":"None","depreciation":"None","depreciationAndAmortization":"1253000","incomeBeforeTax":"8476000","incomeTaxExpense":"2538000","interestAndDebtExpense":"None","netIncomeFromContinuingOperations":"5938000","comprehensiveIncomeNetOfTax":"None","ebit":"8265000","ebitda":"9518000","netIncome":"6192000"},{"fiscalDateEnding":"2021-03-31","reportedCurrency":"ILS","grossProfit":"14162000","totalRevenue":"33051000","costOfRevenue":"18889000","costofGoodsAndServicesSold":"18889000","operatingIncome":"5116000","sellingGeneralAndAdministrative":"5280000","researchAndDevelopment":"361000","operatingExpenses":"9210000","investmentIncomeNet":"None","netInterestIncome":"-90000","interestIncome":"None","interestExpense":"90000","nonInterestIncome":"None","otherNonOperatingIncome":"None","depreciation":"None","depreciationAndAmortization":"1848000","incomeBeforeTax":"5026000","incomeTaxExpense":"1771000","interestAndDebtExpense":"None","netIncomeFromContinuingOperations":"3255000","comprehensiveIncomeNetOfTax":"None","ebit":"4788000","ebitda":"6636000","netIncome":"3213000"},{"fiscalDateEnding":"2020-12-31","reportedCurrency":"ILS","grossProfit":"13616000","totalRevenue":"27094000","costOfRevenue":"13478000","costofGoodsAndServicesSold":"13478000","operatingIncome":"7454000","sellingGeneralAndAdministrative":"3730000","researchAndDevelopment":"342000","operatingExpenses":"7881000","investmentIncomeNet":"None","netInterestIncome":"-370000","interestIncome":"167000","interestExpense":"61000","nonInterestIncome":"None","otherNonOperatingIncome":"None","depreciation":"None","depreciationAndAmortization":"1071000","incomeBeforeTax":"7683000","incomeTaxExpense":"-2545000","interestAndDebtExpense":"None","netIncomeFromContinuingOperations":"10228000","comprehensiveIncomeNetOfTax":"None","ebit":"4373000","ebitda":"5444000","netIncome":"9222000"},{"fiscalDateEnding":"2020-09-30","reportedCurrency":"ILS","grossProfit":"11255000","totalRevenue":"22497000","costOfRevenue":"11242000","costofGoodsAndServicesSold":"11242000","operatingIncome":"2377000","sellingGeneralAndAdministrative":"4892000","researchAndDevelopment":"448000","operatingExpenses":"7832000","investmentIncomeNet":"None","netInterestIncome":"-181000","interestIncome":"59000","interestExpense":"240000","nonInterestIncome":"None","otherNonOperatingIncome":"None","depreciation":"None","depreciationAndAmortization":"1379000","incomeBeforeTax":"2196000","incomeTaxExpense":"277000","interestAndDebtExpense":"None","netIncomeFromContinuingOperations":"1919000","comprehensiveIncomeNetOfTax":"None","ebit":"2977000","ebitda":"4356000","netIncome":"1734000"},{"fiscalDateEnding":"2020-06-30","reportedCurrency":"ILS","grossProfit":"5495000","totalRevenue":"11185000","costOfRevenue":"5690000","costofGoodsAndServicesSold":"5690000","operatingIncome":"-847000","sellingGeneralAndAdministrative":"4211000","researchAndDevelopment":"412000","operatingExpenses":"6388000","investmentIncomeNet":"None","netInterestIncome":"-131000","interestIncome":"12000","interestExpense":"143000","nonInterestIncome":"None","otherNonOperatingIncome":"None","depreciation":"None","depreciationAndAmortization":"413000","incomeBeforeTax":"-978000","incomeTaxExpense":"143000","interestAndDebtExpense":"None","netIncomeFromContinuingOperations":"-978000","comprehensiveIncomeNetOfTax":"None","ebit":"-881000","ebitda":"-468000","netIncome":"-978000"},{"fiscalDateEnding":"2020-03-31","reportedCurrency":"ILS","grossProfit":"1609000","totalRevenue":"4259000","costOfRevenue":"2650000","costofGoodsAndServicesSold":"2650000","operatingIncome":"-47384000","sellingGeneralAndAdministrative":"5023000","researchAndDevelopment":"374000","operatingExpenses":"6516000","investmentIncomeNet":"None","netInterestIncome":"None","interestIncome":"None","interestExpense":"72000","nonInterestIncome":"None","otherNonOperatingIncome":"None","depreciation":"None","depreciationAndAmortization":"390000","incomeBeforeTax":"-47209000","incomeTaxExpense":"-3055000","interestAndDebtExpense":"None","netIncomeFromContinuingOperations":"None","comprehensiveIncomeNetOfTax":"None","ebit":"-7787000","ebitda":"-7397000","netIncome":"-47209000"},{"fiscalDateEnding":"2019-12-31","reportedCurrency":"ILS","grossProfit":"957000","totalRevenue":"1828000","costOfRevenue":"871000","costofGoodsAndServicesSold":"871000","operatingIncome":"-13477000","sellingGeneralAndAdministrative":"2605000","researchAndDevelopment":"452000","operatingExpenses":"4118000","investmentIncomeNet":"None","netInterestIncome":"None","interestIncome":"None","interestExpense":"1233000","nonInterestIncome":"None","otherNonOperatingIncome":"None","depreciation":"None","depreciationAndAmortization":"-306000","incomeBeforeTax":"-13745000","incomeTaxExpense":"-895000","interestAndDebtExpense":"None","netIncomeFromContinuingOperations":"None","comprehensiveIncomeNetOfTax":"None","ebit":"-3004000","ebitda":"-3310000","netIncome":"-13745000"},{"fiscalDateEnding":"2019-09-30","reportedCurrency":"ILS","grossProfit":"138000","totalRevenue":"2598000","costOfRevenue":"2460000","costofGoodsAndServicesSold":"2460000","operatingIncome":"-14430000","sellingGeneralAndAdministrative":"12959000","researchAndDevelopment":"993000","operatingExpenses":"14534000","investmentIncomeNet":"None","netInterestIncome":"None","interestIncome":"None","interestExpense":"1263000","nonInterestIncome":"None","otherNonOperatingIncome":"None","depreciation":"None","depreciationAndAmortization":"163000","incomeBeforeTax":"-15509000","incomeTaxExpense":"-1000","interestAndDebtExpense":"None","netIncomeFromContinuingOperations":"None","comprehensiveIncomeNetOfTax":"None","ebit":"-14188000","ebitda":"-14025000","netIncome":"-15508000"},{"fiscalDateEnding":"2019-06-30","reportedCurrency":"ILS","grossProfit":"116000","totalRevenue":"2777000","costOfRevenue":"2661000","costofGoodsAndServicesSold":"2661000","operatingIncome":"-10293000","sellingGeneralAndAdministrative":"13603000","researchAndDevelopment":"161000","operatingExpenses":"14970000","investmentIncomeNet":"None","netInterestIncome":"None","interestIncome":"None","interestExpense":"1284000","nonInterestIncome":"None","otherNonOperatingIncome":"None","depreciation":"None","depreciationAndAmortization":"94000","incomeBeforeTax":"-11575000","incomeTaxExpense":"-35000","interestAndDebtExpense":"None","netIncomeFromContinuingOperations":"None","comprehensiveIncomeNetOfTax":"None","ebit":"-14738000","ebitda":"-14644000","netIncome":"-11540000"},{"fiscalDateEnding":"2019-03-31","reportedCurrency":"ILS","grossProfit":"268000","totalRevenue":"1723000","costOfRevenue":"1455000","costofGoodsAndServicesSold":"1455000","operatingIncome":"37682000","sellingGeneralAndAdministrative":"47192000","researchAndDevelopment":"104000","operatingExpenses":"47993000","investmentIncomeNet":"None","netInterestIncome":"None","interestIncome":"None","interestExpense":"657000","nonInterestIncome":"None","otherNonOperatingIncome":"None","depreciation":"None","depreciationAndAmortization":"72000","incomeBeforeTax":"37160000","incomeTaxExpense":"-637000","interestAndDebtExpense":"None","netIncomeFromContinuingOperations":"None","comprehensiveIncomeNetOfTax":"None","ebit":"10862000","ebitda":"10934000","netIncome":"37797000"},{"fiscalDateEnding":"2018-12-31","reportedCurrency":"ILS","grossProfit":"None","totalRevenue":"None","costOfRevenue":"None","costofGoodsAndServicesSold":"None","operatingIncome":"-4941000","sellingGeneralAndAdministrative":"4905000","researchAndDevelopment":"None","operatingExpenses":"4099000","investmentIncomeNet":"None","netInterestIncome":"None","interestIncome":"None","interestExpense":"256500","nonInterestIncome":"None","otherNonOperatingIncome":"None","depreciation":"None","depreciationAndAmortization":"3500","incomeBeforeTax":"-3988000","incomeTaxExpense":"None","interestAndDebtExpense":"None","netIncomeFromContinuingOperations":"None","comprehensiveIncomeNetOfTax":"None","ebit":"-4941000","ebitda":"-4937500","netIncome":"-3988000"},{"fiscalDateEnding":"2018-09-30","reportedCurrency":"ILS","grossProfit":"None","totalRevenue":"None","costOfRevenue":"None","costofGoodsAndServicesSold":"None","operatingIncome":"-4941000","sellingGeneralAndAdministrative":"4905000","researchAndDevelopment":"None","operatingExpenses":"4099000","investmentIncomeNet":"None","netInterestIncome":"None","interestIncome":"None","interestExpense":"256500","nonInterestIncome":"None","otherNonOperatingIncome":"None","depreciation":"None","depreciationAndAmortization":"3500","incomeBeforeTax":"-3988000","incomeTaxExpense":"None","interestAndDebtExpense":"None","netIncomeFromContinuingOperations":"None","comprehensiveIncomeNetOfTax":"None","ebit":"-4941000","ebitda":"-4937500","netIncome":"-3988000"},{"fiscalDateEnding":"2018-06-30","reportedCurrency":"ILS","grossProfit":"None","totalRevenue":"None","costOfRevenue":"None","costofGoodsAndServicesSold":"None","operatingIncome":"-126000","sellingGeneralAndAdministrative":"2452500","researchAndDevelopment":"None","operatingExpenses":"1787000","investmentIncomeNet":"None","netInterestIncome":"None","interestIncome":"None","interestExpense":"256500","nonInterestIncome":"None","otherNonOperatingIncome":"None","depreciation":"None","depreciationAndAmortization":"1500","incomeBeforeTax":"-2411000","incomeTaxExpense":"None","interestAndDebtExpense":"None","netIncomeFromContinuingOperations":"None","comprehensiveIncomeNetOfTax":"None","ebit":"-126000","ebitda":"-124500","netIncome":"-2411000"},{"fiscalDateEnding":"2018-03-31","reportedCurrency":"ILS","grossProfit":"None","totalRevenue":"None","costOfRevenue":"None","costofGoodsAndServicesSold":"None","operatingIncome":"-126000","sellingGeneralAndAdministrative":"2452500","researchAndDevelopment":"None","operatingExpenses":"1787000","investmentIncomeNet":"None","netInterestIncome":"None","interestIncome":"None","interestExpense":"256500","nonInterestIncome":"None","otherNonOperatingIncome":"None","depreciation":"None","depreciationAndAmortization":"1500","incomeBeforeTax":"-2411000","incomeTaxExpense":"None","interestAndDebtExpense":"None","netIncomeFromContinuingOperations":"None","comprehensiveIncomeNetOfTax":"None","ebit":"-126000","ebitda":"-124500","netIncome":"-2411000"},{"fiscalDateEnding":"2017-12-31","reportedCurrency":"ILS","grossProfit":"None","totalRevenue":"None","costOfRevenue":"None","costofGoodsAndServicesSold":"None","operatingIncome":"-343063","sellingGeneralAndAdministrative":"343696","researchAndDevelopment":"None","operatingExpenses":"1507582","investmentIncomeNet":"None","netInterestIncome":"None","interestIncome":"None","interestExpense":"159877","nonInterestIncome":"None","otherNonOperatingIncome":"None","depreciation":"None","depreciationAndAmortization":"234","incomeBeforeTax":"-1541477","incomeTaxExpense":"500","interestAndDebtExpense":"None","netIncomeFromContinuingOperations":"None","comprehensiveIncomeNetOfTax":"None","ebit":"-343063","ebitda":"-342829","netIncome":"-1541977"},{"fiscalDateEnding":"2017-09-30","reportedCurrency":"ILS","grossProfit":"None","totalRevenue":"None","costOfRevenue":"None","costofGoodsAndServicesSold":"None","operatingIncome":"-343062","sellingGeneralAndAdministrative":"343695","researchAndDevelopment":"None","operatingExpenses":"1507583","investmentIncomeNet":"None","netInterestIncome":"None","interestIncome":"None","interestExpense":"159877","nonInterestIncome":"None","otherNonOperatingIncome":"None","depreciation":"None","depreciationAndAmortization":"233","incomeBeforeTax":"-1541477","incomeTaxExpense":"500","interestAndDebtExpense":"None","netIncomeFromContinuingOperations":"None","comprehensiveIncomeNetOfTax":"None","ebit":"-343062","ebitda":"-342829","netIncome":"-1541977"},{"fiscalDateEnding":"2017-06-30","reportedCurrency":"ILS","grossProfit":"None","totalRevenue":"None","costOfRevenue":"None","costofGoodsAndServicesSold":"None","operatingIncome":"-228483","sellingGeneralAndAdministrative":"240692","researchAndDevelopment":"None","operatingExpenses":"905213","investmentIncomeNet":"None","netInterestIncome":"None","interestIncome":"None","interestExpense":"159877","nonInterestIncome":"None","otherNonOperatingIncome":"None","depreciation":"None","depreciationAndAmortization":"1744","incomeBeforeTax":"-1203463","incomeTaxExpense":"None","interestAndDebtExpense":"None","netIncomeFromContinuingOperations":"None","comprehensiveIncomeNetOfTax":"None","ebit":"-228483","ebitda":"-226739","netIncome":"-1203463"},{"fiscalDateEnding":"2017-03-31","reportedCurrency":"ILS","grossProfit":"None","totalRevenue":"None","costOfRevenue":"None","costofGoodsAndServicesSold":"None","operatingIncome":"-237234","sellingGeneralAndAdministrative":"249911","researchAndDevelopment":"None","operatingExpenses":"939883","investmentIncomeNet":"None","netInterestIncome":"None","interestIncome":"None","interestExpense":"159877","nonInterestIncome":"None","otherNonOperatingIncome":"None","depreciation":"None","depreciationAndAmortization":"1811","incomeBeforeTax":"-1249555","incomeTaxExpense":"None","interestAndDebtExpense":"None","netIncomeFromContinuingOperations":"None","comprehensiveIncomeNetOfTax":"None","ebit":"-237234","ebitda":"-235423","netIncome":"-1249555"},{"fiscalDateEnding":"2016-12-31","reportedCurrency":"ILS","grossProfit":"None","totalRevenue":"None","costOfRevenue":"None","costofGoodsAndServicesSold":"None","operatingIncome":"171509","sellingGeneralAndAdministrative":"382703","researchAndDevelopment":"None","operatingExpenses":"382703","investmentIncomeNet":"None","netInterestIncome":"None","interestIncome":"None","interestExpense":"335551.34","nonInterestIncome":"None","otherNonOperatingIncome":"None","depreciation":"None","depreciationAndAmortization":"-628887.12","incomeBeforeTax":"-203892.10","incomeTaxExpense":"441096","interestAndDebtExpense":"None","netIncomeFromContinuingOperations":"None","comprehensiveIncomeNetOfTax":"None","ebit":"171509.30","ebitda":"-457377.82","netIncome":"-203892.10"},{"fiscalDateEnding":"2016-09-30","reportedCurrency":"ILS","grossProfit":"None","totalRevenue":"None","costOfRevenue":"None","costofGoodsAndServicesSold":"None","operatingIncome":"326638","sellingGeneralAndAdministrative":"386709","researchAndDevelopment":"None","operatingExpenses":"386709","investmentIncomeNet":"None","netInterestIncome":"None","interestIncome":"None","interestExpense":"225267","nonInterestIncome":"None","otherNonOperatingIncome":"None","depreciation":"None","depreciationAndAmortization":"-619485.90","incomeBeforeTax":"195231","incomeTaxExpense":"844753","interestAndDebtExpense":"None","netIncomeFromContinuingOperations":"None","comprehensiveIncomeNetOfTax":"None","ebit":"326638.02","ebitda":"-292847.88","netIncome":"195231"},{"fiscalDateEnding":"2016-06-30","reportedCurrency":"ILS","grossProfit":"None","totalRevenue":"None","costOfRevenue":"None","costofGoodsAndServicesSold":"None","operatingIncome":"-593814.76","sellingGeneralAndAdministrative":"320043","researchAndDevelopment":"None","operatingExpenses":"320043","investmentIncomeNet":"None","netInterestIncome":"None","interestIncome":"None","interestExpense":"308475","nonInterestIncome":"None","otherNonOperatingIncome":"None","depreciation":"None","depreciationAndAmortization":"304619","incomeBeforeTax":"-902289.96","incomeTaxExpense":"34703","interestAndDebtExpense":"None","netIncomeFromContinuingOperations":"None","comprehensiveIncomeNetOfTax":"None","ebit":"-593814.50","ebitda":"-289195.50","netIncome":"-902289.96"},{"fiscalDateEnding":"2016-03-31","reportedCurrency":"ILS","grossProfit":"None","totalRevenue":"None","costOfRevenue":"None","costofGoodsAndServicesSold":"None","operatingIncome":"1292958","sellingGeneralAndAdministrative":"321349","researchAndDevelopment":"None","operatingExpenses":"321349","investmentIncomeNet":"None","netInterestIncome":"None","interestIncome":"None","interestExpense":"223054","nonInterestIncome":"None","otherNonOperatingIncome":"None","depreciation":"None","depreciationAndAmortization":"-1330764.16","incomeBeforeTax":"1160638","incomeTaxExpense":"1746627","interestAndDebtExpense":"None","netIncomeFromContinuingOperations":"None","comprehensiveIncomeNetOfTax":"None","ebit":"1292958.36","ebitda":"-37805.80","netIncome":"1160638"},{"fiscalDateEnding":"2015-12-31","reportedCurrency":"ILS","grossProfit":"2231.58","totalRevenue":"49796","costOfRevenue":"47565","costofGoodsAndServicesSold":"47565","operatingIncome":"-808744.42","sellingGeneralAndAdministrative":"666549","researchAndDevelopment":"None","operatingExpenses":"530591","investmentIncomeNet":"None","netInterestIncome":"None","interestIncome":"None","interestExpense":"208243.36","nonInterestIncome":"None","otherNonOperatingIncome":"None","depreciation":"None","depreciationAndAmortization":"-154984.14","incomeBeforeTax":"-895380.46","incomeTaxExpense":"36524","interestAndDebtExpense":"None","netIncomeFromContinuingOperations":"None","comprehensiveIncomeNetOfTax":"None","ebit":"-808744.42","ebitda":"-963728.56","netIncome":"-895380.46"},{"fiscalDateEnding":"2015-09-30","reportedCurrency":"ILS","grossProfit":"267180","totalRevenue":"333975","costOfRevenue":"66795","costofGoodsAndServicesSold":"66795","operatingIncome":"-1076578.88","sellingGeneralAndAdministrative":"451848","researchAndDevelopment":"None","operatingExpenses":"636517","investmentIncomeNet":"None","netInterestIncome":"None","interestIncome":"None","interestExpense":"165023","nonInterestIncome":"None","otherNonOperatingIncome":"None","depreciation":"None","depreciationAndAmortization":"707241","incomeBeforeTax":"-903697.60","incomeTaxExpense":"-542218.56","interestAndDebtExpense":"None","netIncomeFromContinuingOperations":"None","comprehensiveIncomeNetOfTax":"None","ebit":"-1076578.28","ebitda":"-369337.28","netIncome":"-903697.60"},{"fiscalDateEnding":"2015-06-30","reportedCurrency":"ILS","grossProfit":"268360","totalRevenue":"457346","costOfRevenue":"188986","costofGoodsAndServicesSold":"188986","operatingIncome":"-283479","sellingGeneralAndAdministrative":"434667","researchAndDevelopment":"None","operatingExpenses":"551839","investmentIncomeNet":"None","netInterestIncome":"None","interestIncome":"None","interestExpense":"60475","nonInterestIncome":"None","otherNonOperatingIncome":"None","depreciation":"None","depreciationAndAmortization":"514041","incomeBeforeTax":"170087","incomeTaxExpense":"0","interestAndDebtExpense":"None","netIncomeFromContinuingOperations":"None","comprehensiveIncomeNetOfTax":"None","ebit":"-283479","ebitda":"230562","netIncome":"170087"},{"fiscalDateEnding":"2015-03-31","reportedCurrency":"ILS","grossProfit":"316543","totalRevenue":"546037","costOfRevenue":"229493","costofGoodsAndServicesSold":"229493","operatingIncome":"-332370.36","sellingGeneralAndAdministrative":"455030","researchAndDevelopment":"None","operatingExpenses":"648913","investmentIncomeNet":"None","netInterestIncome":"None","interestIncome":"None","interestExpense":"328413","nonInterestIncome":"None","otherNonOperatingIncome":"None","depreciation":"None","depreciationAndAmortization":"403592","incomeBeforeTax":"-257191.35","incomeTaxExpense":"None","interestAndDebtExpense":"None","netIncomeFromContinuingOperations":"None","comprehensiveIncomeNetOfTax":"None","ebit":"-332370","ebitda":"71222","netIncome":"-257191.35"},{"fiscalDateEnding":"2014-12-31","reportedCurrency":"ILS","grossProfit":"508029","totalRevenue":"1028412","costOfRevenue":"520383","costofGoodsAndServicesSold":"520383","operatingIncome":"4786741","sellingGeneralAndAdministrative":"1525903","researchAndDevelopment":"6394.49","operatingExpenses":"514715","investmentIncomeNet":"None","netInterestIncome":"None","interestIncome":"None","interestExpense":"81082.10","nonInterestIncome":"None","otherNonOperatingIncome":"None","depreciation":"None","depreciationAndAmortization":"1250.28","incomeBeforeTax":"-623114.82","incomeTaxExpense":"-81082.10","interestAndDebtExpense":"None","netIncomeFromContinuingOperations":"None","comprehensiveIncomeNetOfTax":"None","ebit":"-134143.94","ebitda":"-132893.66","netIncome":"-623114.82"},{"fiscalDateEnding":"2014-09-30","reportedCurrency":"ILS","grossProfit":"644971","totalRevenue":"1057752","costOfRevenue":"412781","costofGoodsAndServicesSold":"412781","operatingIncome":"-427523.80","sellingGeneralAndAdministrative":"534404","researchAndDevelopment":"11056","operatingExpenses":"1072495","investmentIncomeNet":"None","netInterestIncome":"None","interestIncome":"None","interestExpense":"18427","nonInterestIncome":"None","otherNonOperatingIncome":"None","depreciation":"None","depreciationAndAmortization":"None","incomeBeforeTax":"-1437364.50","incomeTaxExpense":"None","interestAndDebtExpense":"None","netIncomeFromContinuingOperations":"None","comprehensiveIncomeNetOfTax":"None","ebit":"None","ebitda":"-427523.80","netIncome":"-1437364.50"},{"fiscalDateEnding":"2014-06-30","reportedCurrency":"ILS","grossProfit":"940578","totalRevenue":"1304452","costOfRevenue":"363873","costofGoodsAndServicesSold":"363873","operatingIncome":"-1064158.70","sellingGeneralAndAdministrative":"408499","researchAndDevelopment":"20596","operatingExpenses":"2004737","investmentIncomeNet":"None","netInterestIncome":"None","interestIncome":"None","interestExpense":"24029","nonInterestIncome":"None","otherNonOperatingIncome":"None","depreciation":"None","depreciationAndAmortization":"484020","incomeBeforeTax":"-1088188.09","incomeTaxExpense":"None","interestAndDebtExpense":"None","netIncomeFromContinuingOperations":"None","comprehensiveIncomeNetOfTax":"None","ebit":"-1064158.13","ebitda":"-580138.13","netIncome":"-1088188.09"},{"fiscalDateEnding":"2014-03-31","reportedCurrency":"ILS","grossProfit":"1533775","totalRevenue":"2055538","costOfRevenue":"521763","costofGoodsAndServicesSold":"521763","operatingIncome":"-518261.96","sellingGeneralAndAdministrative":"637322","researchAndDevelopment":"10505","operatingExpenses":"2052037","investmentIncomeNet":"None","netInterestIncome":"None","interestIncome":"None","interestExpense":"35017","nonInterestIncome":"None","otherNonOperatingIncome":"None","depreciation":"None","depreciationAndAmortization":"21010","incomeBeforeTax":"-535770.81","incomeTaxExpense":"17508","interestAndDebtExpense":"None","netIncomeFromContinuingOperations":"None","comprehensiveIncomeNetOfTax":"None","ebit":"-500752.49","ebitda":"-479742.49","netIncome":"-535770.81"},{"fiscalDateEnding":"2013-12-31","reportedCurrency":"ILS","grossProfit":"1947812","totalRevenue":"2334315","costOfRevenue":"386502","costofGoodsAndServicesSold":"386502","operatingIncome":"1260649","sellingGeneralAndAdministrative":"971238","researchAndDevelopment":"1003.29","operatingExpenses":"687163","investmentIncomeNet":"None","netInterestIncome":"None","interestIncome":"None","interestExpense":"84201.02","nonInterestIncome":"None","otherNonOperatingIncome":"None","depreciation":"None","depreciationAndAmortization":"28606","incomeBeforeTax":"-1546892.68","incomeTaxExpense":"-84201.02","interestAndDebtExpense":"None","netIncomeFromContinuingOperations":"None","comprehensiveIncomeNetOfTax":"None","ebit":"1173587","ebitda":"1202193","netIncome":"-1546892.68"},{"fiscalDateEnding":"2013-09-30","reportedCurrency":"ILS","grossProfit":"1238092","totalRevenue":"1687659","costOfRevenue":"449566","costofGoodsAndServicesSold":"449566","operatingIncome":"-542334.48","sellingGeneralAndAdministrative":"627966","researchAndDevelopment":"35679","operatingExpenses":"1780427","investmentIncomeNet":"None","netInterestIncome":"None","interestIncome":"None","interestExpense":"42815","nonInterestIncome":"None","otherNonOperatingIncome":"None","depreciation":"None","depreciationAndAmortization":"32111","incomeBeforeTax":"-2276377.62","incomeTaxExpense":"42815","interestAndDebtExpense":"None","netIncomeFromContinuingOperations":"None","comprehensiveIncomeNetOfTax":"None","ebit":"-542333.57","ebitda":"-510222.57","netIncome":"-2276377.62"},{"fiscalDateEnding":"2013-06-30","reportedCurrency":"ILS","grossProfit":"1371663","totalRevenue":"1867796","costOfRevenue":"496133","costofGoodsAndServicesSold":"496133","operatingIncome":"-1513936.60","sellingGeneralAndAdministrative":"671239","researchAndDevelopment":"40128","operatingExpenses":"2885599","investmentIncomeNet":"None","netInterestIncome":"None","interestIncome":"None","interestExpense":"18240","nonInterestIncome":"None","otherNonOperatingIncome":"None","depreciation":"None","depreciationAndAmortization":"43776","incomeBeforeTax":"-1532176.80","incomeTaxExpense":"None","interestAndDebtExpense":"None","netIncomeFromContinuingOperations":"None","comprehensiveIncomeNetOfTax":"None","ebit":"-1513936.12","ebitda":"-1470160.12","netIncome":"-1532176.80"},{"fiscalDateEnding":"2013-03-31","reportedCurrency":"ILS","grossProfit":"1925468","totalRevenue":"2458899","costOfRevenue":"533431","costofGoodsAndServicesSold":"533431","operatingIncome":"-1202047.56","sellingGeneralAndAdministrative":"635733","researchAndDevelopment":"29229","operatingExpenses":"3127515","investmentIncomeNet":"None","netInterestIncome":"None","interestIncome":"None","interestExpense":"113262","nonInterestIncome":"None","otherNonOperatingIncome":"None","depreciation":"None","depreciationAndAmortization":"40190","incomeBeforeTax":"-1315310.40","incomeTaxExpense":"None","interestAndDebtExpense":"None","netIncomeFromContinuingOperations":"None","comprehensiveIncomeNetOfTax":"None","ebit":"-1202047.52","ebitda":"-1161857.52","netIncome":"-1315310.40"},{"fiscalDateEnding":"2012-12-31","reportedCurrency":"ILS","grossProfit":"1420621","totalRevenue":"1883334","costOfRevenue":"462713","costofGoodsAndServicesSold":"462713","operatingIncome":"-1272281.50","sellingGeneralAndAdministrative":"2555119","researchAndDevelopment":"11211.48","operatingExpenses":"2692902","investmentIncomeNet":"None","netInterestIncome":"None","interestIncome":"None","interestExpense":"4798760.06","nonInterestIncome":"None","otherNonOperatingIncome":"None","depreciation":"None","depreciationAndAmortization":"49053","incomeBeforeTax":"-3814912.62","incomeTaxExpense":"-4798760.06","interestAndDebtExpense":"None","netIncomeFromContinuingOperations":"None","comprehensiveIncomeNetOfTax":"None","ebit":"-6204420.32","ebitda":"-6155367.32","netIncome":"-3814912.62"},{"fiscalDateEnding":"2012-09-30","reportedCurrency":"ILS","grossProfit":"1425925","totalRevenue":"1843461","costOfRevenue":"417536","costofGoodsAndServicesSold":"417536","operatingIncome":"-7878.04","sellingGeneralAndAdministrative":"452987","researchAndDevelopment":"70902","operatingExpenses":"1433803","investmentIncomeNet":"None","netInterestIncome":"None","interestIncome":"None","interestExpense":"642060","nonInterestIncome":"None","otherNonOperatingIncome":"None","depreciation":"None","depreciationAndAmortization":"11817","incomeBeforeTax":"51179686","incomeTaxExpense":"27573","interestAndDebtExpense":"None","netIncomeFromContinuingOperations":"None","comprehensiveIncomeNetOfTax":"None","ebit":"1902546","ebitda":"1914363","netIncome":"51152113"},{"fiscalDateEnding":"2012-06-30","reportedCurrency":"ILS","grossProfit":"1627862","totalRevenue":"2187439","costOfRevenue":"559577","costofGoodsAndServicesSold":"559577","operatingIncome":"-571316.98","sellingGeneralAndAdministrative":"982195","researchAndDevelopment":"140872","operatingExpenses":"2199179","investmentIncomeNet":"None","netInterestIncome":"None","interestIncome":"None","interestExpense":"2727451","nonInterestIncome":"None","otherNonOperatingIncome":"None","depreciation":"None","depreciationAndAmortization":"23478","incomeBeforeTax":"-360007.96","incomeTaxExpense":"11739","interestAndDebtExpense":"None","netIncomeFromContinuingOperations":"None","comprehensiveIncomeNetOfTax":"None","ebit":"2367444","ebitda":"2390922","netIncome":"-371747.35"},{"fiscalDateEnding":"2012-03-31","reportedCurrency":"ILS","grossProfit":"1875999","totalRevenue":"2396078","costOfRevenue":"520079","costofGoodsAndServicesSold":"520079","operatingIncome":"-300902.85","sellingGeneralAndAdministrative":"490360","researchAndDevelopment":"141164","operatingExpenses":"2176902","investmentIncomeNet":"None","netInterestIncome":"None","interestIncome":"None","interestExpense":"3057321","nonInterestIncome":"None","otherNonOperatingIncome":"None","depreciation":"None","depreciationAndAmortization":"26003","incomeBeforeTax":"-3358224.40","incomeTaxExpense":"-37148.50","interestAndDebtExpense":"None","netIncomeFromContinuingOperations":"None","comprehensiveIncomeNetOfTax":"None","ebit":"-300901.90","ebitda":"-274898.90","netIncome":"-3321075.90"},{"fiscalDateEnding":"2011-12-31","reportedCurrency":"ILS","grossProfit":"2294066","totalRevenue":"3017206","costOfRevenue":"723140","costofGoodsAndServicesSold":"723140","operatingIncome":"-451011","sellingGeneralAndAdministrative":"2406343","researchAndDevelopment":"211233","operatingExpenses":"-2745077.50","investmentIncomeNet":"None","netInterestIncome":"None","interestIncome":"None","interestExpense":"1769790","nonInterestIncome":"None","otherNonOperatingIncome":"None","depreciation":"None","depreciationAndAmortization":"56138","incomeBeforeTax":"-1689864","incomeTaxExpense":"10466","interestAndDebtExpense":"None","netIncomeFromContinuingOperations":"None","comprehensiveIncomeNetOfTax":"None","ebit":"79926","ebitda":"136064","netIncome":"-1700330.50"},{"fiscalDateEnding":"2011-09-30","reportedCurrency":"ILS","grossProfit":"2294066","totalRevenue":"3017206","costOfRevenue":"723140","costofGoodsAndServicesSold":"723140","operatingIncome":"-451011","sellingGeneralAndAdministrative":"2406343","researchAndDevelopment":"211233","operatingExpenses":"-2745077.50","investmentIncomeNet":"None","netInterestIncome":"None","interestIncome":"None","interestExpense":"1769790","nonInterestIncome":"None","otherNonOperatingIncome":"None","depreciation":"None","depreciationAndAmortization":"56138","incomeBeforeTax":"-1689864","incomeTaxExpense":"10466","interestAndDebtExpense":"None","netIncomeFromContinuingOperations":"None","comprehensiveIncomeNetOfTax":"None","ebit":"79926","ebitda":"136064","netIncome":"-1700330.50"},{"fiscalDateEnding":"2011-06-30","reportedCurrency":"ILS","grossProfit":"2294066","totalRevenue":"3017206","costOfRevenue":"723140","costofGoodsAndServicesSold":"723140","operatingIncome":"-451011","sellingGeneralAndAdministrative":"2406343","researchAndDevelopment":"211233","operatingExpenses":"-2745077.50","investmentIncomeNet":"None","netInterestIncome":"None","interestIncome":"None","interestExpense":"1769790","nonInterestIncome":"None","otherNonOperatingIncome":"None","depreciation":"None","depreciationAndAmortization":"56138","incomeBeforeTax":"-1689864","incomeTaxExpense":"10466","interestAndDebtExpense":"None","netIncomeFromContinuingOperations":"None","comprehensiveIncomeNetOfTax":"None","ebit":"79926","ebitda":"136064","netIncome":"-1700330.50"},{"fiscalDateEnding":"2011-03-31","reportedCurrency":"ILS","grossProfit":"2294066","totalRevenue":"3017206","costOfRevenue":"723140","costofGoodsAndServicesSold":"723140","operatingIncome":"-451011","sellingGeneralAndAdministrative":"2406343","researchAndDevelopment":"211233","operatingExpenses":"-2745077.50","investmentIncomeNet":"None","netInterestIncome":"None","interestIncome":"None","interestExpense":"1769790","nonInterestIncome":"None","otherNonOperatingIncome":"None","depreciation":"None","depreciationAndAmortization":"56138","incomeBeforeTax":"-1689864","incomeTaxExpense":"10466","interestAndDebtExpense":"None","netIncomeFromContinuingOperations":"None","comprehensiveIncomeNetOfTax":"None","ebit":"79926","ebitda":"136064","netIncome":"-1700330.50"},{"fiscalDateEnding":"2010-12-31","reportedCurrency":"ILS","grossProfit":"2524394","totalRevenue":"3306726","costOfRevenue":"782331","costofGoodsAndServicesSold":"782331","operatingIncome":"-1250666.48","sellingGeneralAndAdministrative":"3390104","researchAndDevelopment":"257229","operatingExpenses":"-3775061.36","investmentIncomeNet":"None","netInterestIncome":"None","interestIncome":"None","interestExpense":"2202414","nonInterestIncome":"None","otherNonOperatingIncome":"None","depreciation":"None","depreciationAndAmortization":"124179","incomeBeforeTax":"-3129327.18","incomeTaxExpense":"11530","interestAndDebtExpense":"None","netIncomeFromContinuingOperations":"None","comprehensiveIncomeNetOfTax":"None","ebit":"-926911.74","ebitda":"-802732.74","netIncome":"-3140858.15"},{"fiscalDateEnding":"2010-09-30","reportedCurrency":"ILS","grossProfit":"2524394","totalRevenue":"3306726","costOfRevenue":"782331","costofGoodsAndServicesSold":"782331","operatingIncome":"-1250666.48","sellingGeneralAndAdministrative":"3390104","researchAndDevelopment":"257229","operatingExpenses":"-3775061.36","investmentIncomeNet":"None","netInterestIncome":"None","interestIncome":"None","interestExpense":"2202414","nonInterestIncome":"None","otherNonOperatingIncome":"None","depreciation":"None","depreciationAndAmortization":"124179","incomeBeforeTax":"-3129327.18","incomeTaxExpense":"11530","interestAndDebtExpense":"None","netIncomeFromContinuingOperations":"None","comprehensiveIncomeNetOfTax":"None","ebit":"-926911.74","ebitda":"-802732.74","netIncome":"-3140858.15"},{"fiscalDateEnding":"2010-06-30","reportedCurrency":"ILS","grossProfit":"2524394","totalRevenue":"3306726","costOfRevenue":"782331","costofGoodsAndServicesSold":"782331","operatingIncome":"-1250666.48","sellingGeneralAndAdministrative":"3390104","researchAndDevelopment":"257229","operatingExpenses":"-3775061.36","investmentIncomeNet":"None","netInterestIncome":"None","interestIncome":"None","interestExpense":"2202414","nonInterestIncome":"None","otherNonOperatingIncome":"None","depreciation":"None","depreciationAndAmortization":"124179","incomeBeforeTax":"-3129327.18","incomeTaxExpense":"11530","interestAndDebtExpense":"None","netIncomeFromContinuingOperations":"None","comprehensiveIncomeNetOfTax":"None","ebit":"-926911.74","ebitda":"-802732.74","netIncome":"-3140858.15"},{"fiscalDateEnding":"2010-03-31","reportedCurrency":"ILS","grossProfit":"2524394","totalRevenue":"3306726","costOfRevenue":"782331","costofGoodsAndServicesSold":"782331","operatingIncome":"-1250666.48","sellingGeneralAndAdministrative":"3390104","researchAndDevelopment":"257229","operatingExpenses":"-3775061.36","investmentIncomeNet":"None","netInterestIncome":"None","interestIncome":"None","interestExpense":"2202414","nonInterestIncome":"None","otherNonOperatingIncome":"None","depreciation":"None","depreciationAndAmortization":"124179","incomeBeforeTax":"-3129327.18","incomeTaxExpense":"11530","interestAndDebtExpense":"None","netIncomeFromContinuingOperations":"None","comprehensiveIncomeNetOfTax":"None","ebit":"-926911.74","ebitda":"-802732.74","netIncome":"-3140858.15"}]}