{"success":true,"limit_reached":false,"status_code":200,"error_message":null,"csv":null,"symbol":"INBX","annualReports":[{"fiscalDateEnding":"2023-12-31","reportedCurrency":"USD","grossProfit":"609000","totalRevenue":"1800000","costOfRevenue":"1191000","costofGoodsAndServicesSold":"1191000","operatingIncome":"-219221000","sellingGeneralAndAdministrative":"29381000","researchAndDevelopment":"190648000","operatingExpenses":"219830000","investmentIncomeNet":"None","netInterestIncome":"-19923000","interestIncome":"11917000","interestExpense":"31840000","nonInterestIncome":"None","otherNonOperatingIncome":"None","depreciation":"None","depreciationAndAmortization":"1191000","incomeBeforeTax":"-239724000","incomeTaxExpense":"3000","interestAndDebtExpense":"None","netIncomeFromContinuingOperations":"-188672000","comprehensiveIncomeNetOfTax":"None","ebit":"-207884000","ebitda":"-206693000","netIncome":"-241361000"},{"fiscalDateEnding":"2022-12-31","reportedCurrency":"USD","grossProfit":"2178000","totalRevenue":"2178000","costOfRevenue":"2846000","costofGoodsAndServicesSold":"2846000","operatingIncome":"-129117000","sellingGeneralAndAdministrative":"21123000","researchAndDevelopment":"110186000","operatingExpenses":"131295000","investmentIncomeNet":"None","netInterestIncome":"-16107000","interestIncome":"2074000","interestExpense":"16107000","nonInterestIncome":"None","otherNonOperatingIncome":"1000","depreciation":"None","depreciationAndAmortization":"1225000","incomeBeforeTax":"-145223000","incomeTaxExpense":"3000","interestAndDebtExpense":"None","netIncomeFromContinuingOperations":"-145226000","comprehensiveIncomeNetOfTax":"None","ebit":"-129117000","ebitda":"-127892000","netIncome":"-145226000"},{"fiscalDateEnding":"2021-12-31","reportedCurrency":"USD","grossProfit":"7125000","totalRevenue":"7125000","costOfRevenue":"2688000","costofGoodsAndServicesSold":"2688000","operatingIncome":"-76564000","sellingGeneralAndAdministrative":"12355000","researchAndDevelopment":"71440000","operatingExpenses":"83689000","investmentIncomeNet":"None","netInterestIncome":"-5216000","interestIncome":"None","interestExpense":"5216000","nonInterestIncome":"None","otherNonOperatingIncome":"14000","depreciation":"None","depreciationAndAmortization":"1195000","incomeBeforeTax":"-81766000","incomeTaxExpense":"2000","interestAndDebtExpense":"None","netIncomeFromContinuingOperations":"-81768000","comprehensiveIncomeNetOfTax":"None","ebit":"-76564000","ebitda":"-75369000","netIncome":"-81768000"},{"fiscalDateEnding":"2020-12-31","reportedCurrency":"USD","grossProfit":"12808000","totalRevenue":"12808000","costOfRevenue":"73495000","costofGoodsAndServicesSold":"73495000","operatingIncome":"-67443000","sellingGeneralAndAdministrative":"6836000","researchAndDevelopment":"73495000","operatingExpenses":"80251000","investmentIncomeNet":"None","netInterestIncome":"-10816000","interestIncome":"None","interestExpense":"10816000","nonInterestIncome":"None","otherNonOperatingIncome":"2138000","depreciation":"None","depreciationAndAmortization":"1019000","incomeBeforeTax":"-75634000","incomeTaxExpense":"3000","interestAndDebtExpense":"None","netIncomeFromContinuingOperations":"-76124000","comprehensiveIncomeNetOfTax":"None","ebit":"-67443000","ebitda":"-66424000","netIncome":"-75637000"},{"fiscalDateEnding":"2019-12-31","reportedCurrency":"USD","grossProfit":"-38814000","totalRevenue":"9093000","costOfRevenue":"47907000","costofGoodsAndServicesSold":"47907000","operatingIncome":"-43714000","sellingGeneralAndAdministrative":"9018000","researchAndDevelopment":"47907000","operatingExpenses":"52807000","investmentIncomeNet":"None","netInterestIncome":"-5719000","interestIncome":"None","interestExpense":"5719000","nonInterestIncome":"None","otherNonOperatingIncome":"None","depreciation":"None","depreciationAndAmortization":"1110000","incomeBeforeTax":"-50502000","incomeTaxExpense":"898000","interestAndDebtExpense":"None","netIncomeFromContinuingOperations":"-51400000","comprehensiveIncomeNetOfTax":"None","ebit":"-43714000","ebitda":"-42604000","netIncome":"-51400000"},{"fiscalDateEnding":"2018-12-31","reportedCurrency":"USD","grossProfit":"-25954000","totalRevenue":"7500000","costOfRevenue":"33454000","costofGoodsAndServicesSold":"33454000","operatingIncome":"-29513000","sellingGeneralAndAdministrative":"4654000","researchAndDevelopment":"33454000","operatingExpenses":"37013000","investmentIncomeNet":"None","netInterestIncome":"-1480000","interestIncome":"None","interestExpense":"1480000","nonInterestIncome":"None","otherNonOperatingIncome":"None","depreciation":"None","depreciationAndAmortization":"676000","incomeBeforeTax":"-30925000","incomeTaxExpense":"96000","interestAndDebtExpense":"None","netIncomeFromContinuingOperations":"-31021000","comprehensiveIncomeNetOfTax":"None","ebit":"-29445000","ebitda":"-28769000","netIncome":"-31163000"},{"fiscalDateEnding":"2017-12-31","reportedCurrency":"USD","grossProfit":"-17560000","totalRevenue":"7950000","costOfRevenue":"25510000","costofGoodsAndServicesSold":"25510000","operatingIncome":"-19728000","sellingGeneralAndAdministrative":"2609000","researchAndDevelopment":"25510000","operatingExpenses":"27678000","investmentIncomeNet":"None","netInterestIncome":"-2126000","interestIncome":"None","interestExpense":"2126000","nonInterestIncome":"None","otherNonOperatingIncome":"None","depreciation":"None","depreciationAndAmortization":"399000","incomeBeforeTax":"-21830000","incomeTaxExpense":"250000","interestAndDebtExpense":"None","netIncomeFromContinuingOperations":"-22080000","comprehensiveIncomeNetOfTax":"None","ebit":"-19704000","ebitda":"-19305000","netIncome":"-19442000"},{"fiscalDateEnding":"2016-12-31","reportedCurrency":"USD","grossProfit":"None","totalRevenue":"None","costOfRevenue":"None","costofGoodsAndServicesSold":"None","operatingIncome":"None","sellingGeneralAndAdministrative":"None","researchAndDevelopment":"None","operatingExpenses":"None","investmentIncomeNet":"None","netInterestIncome":"None","interestIncome":"None","interestExpense":"0","nonInterestIncome":"None","otherNonOperatingIncome":"None","depreciation":"None","depreciationAndAmortization":"None","incomeBeforeTax":"None","incomeTaxExpense":"None","interestAndDebtExpense":"None","netIncomeFromContinuingOperations":"None","comprehensiveIncomeNetOfTax":"None","ebit":"None","ebitda":"None","netIncome":"None"}],"quarterlyReports":[{"fiscalDateEnding":"2024-09-30","reportedCurrency":"None","grossProfit":"None","totalRevenue":"None","costOfRevenue":"None","costofGoodsAndServicesSold":"None","operatingIncome":"-46797000","sellingGeneralAndAdministrative":"7904000","researchAndDevelopment":"38893000","operatingExpenses":"46797000","investmentIncomeNet":"None","netInterestIncome":"None","interestIncome":"None","interestExpense":"None","nonInterestIncome":"None","otherNonOperatingIncome":"None","depreciation":"None","depreciationAndAmortization":"760000","incomeBeforeTax":"-43864000","incomeTaxExpense":"None","interestAndDebtExpense":"None","netIncomeFromContinuingOperations":"None","comprehensiveIncomeNetOfTax":"None","ebit":"-47557000","ebitda":"-46797000","netIncome":"-43864000"},{"fiscalDateEnding":"2024-06-30","reportedCurrency":"USD","grossProfit":"-375000","totalRevenue":"100000","costOfRevenue":"475000","costofGoodsAndServicesSold":"475000","operatingIncome":"-160898000","sellingGeneralAndAdministrative":"93366000","researchAndDevelopment":"67632000","operatingExpenses":"160998000","investmentIncomeNet":"None","netInterestIncome":"-2620000","interestIncome":"2741000","interestExpense":"5361000","nonInterestIncome":"None","otherNonOperatingIncome":"None","depreciation":"None","depreciationAndAmortization":"476000","incomeBeforeTax":"1858013000","incomeTaxExpense":"2000","interestAndDebtExpense":"None","netIncomeFromContinuingOperations":"1858011000","comprehensiveIncomeNetOfTax":"None","ebit":"1863373000","ebitda":"1863849000","netIncome":"1858011000"},{"fiscalDateEnding":"2024-03-31","reportedCurrency":"USD","grossProfit":"-360000","totalRevenue":"0","costOfRevenue":"360000","costofGoodsAndServicesSold":"360000","operatingIncome":"-73825000","sellingGeneralAndAdministrative":"9974000","researchAndDevelopment":"63595000","operatingExpenses":"73465000","investmentIncomeNet":"None","netInterestIncome":"-4826000","interestIncome":"3304000","interestExpense":"8130000","nonInterestIncome":"None","otherNonOperatingIncome":"None","depreciation":"None","depreciationAndAmortization":"360000","incomeBeforeTax":"-78710000","incomeTaxExpense":"316724","interestAndDebtExpense":"None","netIncomeFromContinuingOperations":"-78710000","comprehensiveIncomeNetOfTax":"None","ebit":"-73825000","ebitda":"-73465000","netIncome":"-78710000"},{"fiscalDateEnding":"2023-12-31","reportedCurrency":"USD","grossProfit":"1336000","totalRevenue":"1634000","costOfRevenue":"298000","costofGoodsAndServicesSold":"298000","operatingIncome":"-88289000","sellingGeneralAndAdministrative":"7832000","researchAndDevelopment":"81839000","operatingExpenses":"89625000","investmentIncomeNet":"None","netInterestIncome":"-3527000","interestIncome":"4696000","interestExpense":"8223000","nonInterestIncome":"None","otherNonOperatingIncome":"None","depreciation":"None","depreciationAndAmortization":"298000","incomeBeforeTax":"-91974000","incomeTaxExpense":"-4000","interestAndDebtExpense":"None","netIncomeFromContinuingOperations":"-93604000","comprehensiveIncomeNetOfTax":"None","ebit":"-88289000","ebitda":"-87991000","netIncome":"-93604000"},{"fiscalDateEnding":"2023-09-30","reportedCurrency":"USD","grossProfit":"-185000","totalRevenue":"119000","costOfRevenue":"304000","costofGoodsAndServicesSold":"304000","operatingIncome":"-45827000","sellingGeneralAndAdministrative":"7889000","researchAndDevelopment":"38057000","operatingExpenses":"45946000","investmentIncomeNet":"None","netInterestIncome":"-5825000","interestIncome":"2324000","interestExpense":"8149000","nonInterestIncome":"None","otherNonOperatingIncome":"None","depreciation":"None","depreciationAndAmortization":"304000","incomeBeforeTax":"-51787000","incomeTaxExpense":"2000","interestAndDebtExpense":"None","netIncomeFromContinuingOperations":"-51789000","comprehensiveIncomeNetOfTax":"None","ebit":"-46131000","ebitda":"-45827000","netIncome":"-51789000"},{"fiscalDateEnding":"2023-06-30","reportedCurrency":"USD","grossProfit":"-701000","totalRevenue":"30000","costOfRevenue":"731000","costofGoodsAndServicesSold":"731000","operatingIncome":"-41339000","sellingGeneralAndAdministrative":"7263000","researchAndDevelopment":"34106000","operatingExpenses":"41369000","investmentIncomeNet":"None","netInterestIncome":"-5491000","interestIncome":"2414000","interestExpense":"7905000","nonInterestIncome":"None","otherNonOperatingIncome":"2197000","depreciation":"None","depreciationAndAmortization":"122085","incomeBeforeTax":"-47047000","incomeTaxExpense":"5000","interestAndDebtExpense":"None","netIncomeFromContinuingOperations":"-47052000","comprehensiveIncomeNetOfTax":"None","ebit":"-38970085","ebitda":"-38848000","netIncome":"-47052000"},{"fiscalDateEnding":"2023-03-31","reportedCurrency":"USD","grossProfit":"-705000","totalRevenue":"17000","costOfRevenue":"722000","costofGoodsAndServicesSold":"722000","operatingIncome":"-43766000","sellingGeneralAndAdministrative":"6397000","researchAndDevelopment":"37386000","operatingExpenses":"43783000","investmentIncomeNet":"None","netInterestIncome":"-5080000","interestIncome":"2483000","interestExpense":"5080000","nonInterestIncome":"None","otherNonOperatingIncome":"-70000","depreciation":"None","depreciationAndAmortization":"295000","incomeBeforeTax":"-48916000","incomeTaxExpense":"-225000","interestAndDebtExpense":"None","netIncomeFromContinuingOperations":"-48916000","comprehensiveIncomeNetOfTax":"None","ebit":"-44061000","ebitda":"-43766000","netIncome":"-48691000"},{"fiscalDateEnding":"2022-12-31","reportedCurrency":"USD","grossProfit":"-446000","totalRevenue":"274000","costOfRevenue":"720000","costofGoodsAndServicesSold":"720000","operatingIncome":"-35500000","sellingGeneralAndAdministrative":"5323000","researchAndDevelopment":"30451000","operatingExpenses":"35774000","investmentIncomeNet":"None","netInterestIncome":"-5345000","interestIncome":"None","interestExpense":"5345000","nonInterestIncome":"None","otherNonOperatingIncome":"-71000","depreciation":"None","depreciationAndAmortization":"302000","incomeBeforeTax":"-40916000","incomeTaxExpense":"-1000","interestAndDebtExpense":"None","netIncomeFromContinuingOperations":"-40915000","comprehensiveIncomeNetOfTax":"None","ebit":"-35802000","ebitda":"-35500000","netIncome":"-40915000"},{"fiscalDateEnding":"2022-09-30","reportedCurrency":"USD","grossProfit":"-441000","totalRevenue":"278000","costOfRevenue":"719000","costofGoodsAndServicesSold":"719000","operatingIncome":"-30003000","sellingGeneralAndAdministrative":"5347000","researchAndDevelopment":"24934000","operatingExpenses":"30281000","investmentIncomeNet":"None","netInterestIncome":"-5340000","interestIncome":"None","interestExpense":"5340000","nonInterestIncome":"None","otherNonOperatingIncome":"18000","depreciation":"None","depreciationAndAmortization":"309000","incomeBeforeTax":"-35325000","incomeTaxExpense":"5322000","interestAndDebtExpense":"None","netIncomeFromContinuingOperations":"-35325000","comprehensiveIncomeNetOfTax":"None","ebit":"-30312000","ebitda":"-30003000","netIncome":"-40647000"},{"fiscalDateEnding":"2022-06-30","reportedCurrency":"USD","grossProfit":"3000","totalRevenue":"711000","costOfRevenue":"708000","costofGoodsAndServicesSold":"708000","operatingIncome":"-34597000","sellingGeneralAndAdministrative":"5402000","researchAndDevelopment":"29906000","operatingExpenses":"35308000","investmentIncomeNet":"None","netInterestIncome":"-3148000","interestIncome":"None","interestExpense":"3148000","nonInterestIncome":"None","otherNonOperatingIncome":"17000","depreciation":"None","depreciationAndAmortization":"324000","incomeBeforeTax":"-37728000","incomeTaxExpense":"4000","interestAndDebtExpense":"None","netIncomeFromContinuingOperations":"-37732000","comprehensiveIncomeNetOfTax":"None","ebit":"-34597000","ebitda":"-34273000","netIncome":"-37732000"},{"fiscalDateEnding":"2022-03-31","reportedCurrency":"USD","grossProfit":"915000","totalRevenue":"915000","costOfRevenue":"None","costofGoodsAndServicesSold":"None","operatingIncome":"-29017000","sellingGeneralAndAdministrative":"5051000","researchAndDevelopment":"24895000","operatingExpenses":"29932000","investmentIncomeNet":"None","netInterestIncome":"-2274000","interestIncome":"None","interestExpense":"2274000","nonInterestIncome":"None","otherNonOperatingIncome":"37000","depreciation":"None","depreciationAndAmortization":"344000","incomeBeforeTax":"-31254000","incomeTaxExpense":"2237000","interestAndDebtExpense":"None","netIncomeFromContinuingOperations":"-31254000","comprehensiveIncomeNetOfTax":"None","ebit":"-29017000","ebitda":"-28673000","netIncome":"-33491000"},{"fiscalDateEnding":"2021-12-31","reportedCurrency":"USD","grossProfit":"2836000","totalRevenue":"2836000","costOfRevenue":"None","costofGoodsAndServicesSold":"None","operatingIncome":"-19404000","sellingGeneralAndAdministrative":"3645000","researchAndDevelopment":"18615000","operatingExpenses":"22240000","investmentIncomeNet":"None","netInterestIncome":"-1779000","interestIncome":"None","interestExpense":"1779000","nonInterestIncome":"None","otherNonOperatingIncome":"-6000","depreciation":"None","depreciationAndAmortization":"307000","incomeBeforeTax":"-21189000","incomeTaxExpense":"-307000","interestAndDebtExpense":"None","netIncomeFromContinuingOperations":"-21189000","comprehensiveIncomeNetOfTax":"None","ebit":"-19711000","ebitda":"-19404000","netIncome":"-21189000"},{"fiscalDateEnding":"2021-09-30","reportedCurrency":"USD","grossProfit":"2508000","totalRevenue":"2508000","costOfRevenue":"None","costofGoodsAndServicesSold":"None","operatingIncome":"-18801000","sellingGeneralAndAdministrative":"2848000","researchAndDevelopment":"18485000","operatingExpenses":"21309000","investmentIncomeNet":"None","netInterestIncome":"-1778000","interestIncome":"None","interestExpense":"1778000","nonInterestIncome":"None","otherNonOperatingIncome":"-1000","depreciation":"None","depreciationAndAmortization":"299000","incomeBeforeTax":"-20580000","incomeTaxExpense":"1777000","interestAndDebtExpense":"None","netIncomeFromContinuingOperations":"-20580000","comprehensiveIncomeNetOfTax":"None","ebit":"-18802000","ebitda":"-18503000","netIncome":"-20580000"},{"fiscalDateEnding":"2021-06-30","reportedCurrency":"USD","grossProfit":"918000","totalRevenue":"918000","costOfRevenue":"None","costofGoodsAndServicesSold":"None","operatingIncome":"-19801000","sellingGeneralAndAdministrative":"2853000","researchAndDevelopment":"17902000","operatingExpenses":"20719000","investmentIncomeNet":"None","netInterestIncome":"-914000","interestIncome":"None","interestExpense":"914000","nonInterestIncome":"None","otherNonOperatingIncome":"5000","depreciation":"None","depreciationAndAmortization":"298000","incomeBeforeTax":"-20710000","incomeTaxExpense":"919000","interestAndDebtExpense":"None","netIncomeFromContinuingOperations":"-20710000","comprehensiveIncomeNetOfTax":"None","ebit":"-19796000","ebitda":"-19498000","netIncome":"-20710000"},{"fiscalDateEnding":"2021-03-31","reportedCurrency":"USD","grossProfit":"-15574999","totalRevenue":"863000","costOfRevenue":"16437999","costofGoodsAndServicesSold":"16437999","operatingIncome":"-18558000","sellingGeneralAndAdministrative":"3009000","researchAndDevelopment":"16438000","operatingExpenses":"19421000","investmentIncomeNet":"None","netInterestIncome":"-745000","interestIncome":"None","interestExpense":"745000","nonInterestIncome":"None","otherNonOperatingIncome":"16000","depreciation":"None","depreciationAndAmortization":"291000","incomeBeforeTax":"-19287000","incomeTaxExpense":"2000","interestAndDebtExpense":"None","netIncomeFromContinuingOperations":"-19289000","comprehensiveIncomeNetOfTax":"None","ebit":"-18542000","ebitda":"-18251000","netIncome":"-19289000"},{"fiscalDateEnding":"2020-12-31","reportedCurrency":"USD","grossProfit":"2776000","totalRevenue":"2776000","costOfRevenue":"None","costofGoodsAndServicesSold":"None","operatingIncome":"-17107000","sellingGeneralAndAdministrative":"2215000","researchAndDevelopment":"17668000","operatingExpenses":"19883000","investmentIncomeNet":"None","netInterestIncome":"-532000","interestIncome":"None","interestExpense":"532000","nonInterestIncome":"None","otherNonOperatingIncome":"None","depreciation":"None","depreciationAndAmortization":"265000","incomeBeforeTax":"-17646000","incomeTaxExpense":"3000","interestAndDebtExpense":"None","netIncomeFromContinuingOperations":"-17649000","comprehensiveIncomeNetOfTax":"None","ebit":"-17372000","ebitda":"-17107000","netIncome":"-17649000"},{"fiscalDateEnding":"2020-09-30","reportedCurrency":"USD","grossProfit":"-14011000","totalRevenue":"5826000","costOfRevenue":"19837000","costofGoodsAndServicesSold":"19837000","operatingIncome":"-15558000","sellingGeneralAndAdministrative":"1622000","researchAndDevelopment":"19837000","operatingExpenses":"21384000","investmentIncomeNet":"None","netInterestIncome":"-4428000","interestIncome":"None","interestExpense":"4428000","nonInterestIncome":"None","otherNonOperatingIncome":"None","depreciation":"None","depreciationAndAmortization":"249000","incomeBeforeTax":"-20010000","incomeTaxExpense":"487000","interestAndDebtExpense":"None","netIncomeFromContinuingOperations":"-20497000","comprehensiveIncomeNetOfTax":"None","ebit":"-15807000","ebitda":"-15558000","netIncome":"-20497000"},{"fiscalDateEnding":"2020-06-30","reportedCurrency":"USD","grossProfit":"-15640000","totalRevenue":"3334000","costOfRevenue":"18974000","costofGoodsAndServicesSold":"18974000","operatingIncome":"-17167000","sellingGeneralAndAdministrative":"1532000","researchAndDevelopment":"18974000","operatingExpenses":"20501000","investmentIncomeNet":"None","netInterestIncome":"-3405000","interestIncome":"None","interestExpense":"3405000","nonInterestIncome":"None","otherNonOperatingIncome":"None","depreciation":"None","depreciationAndAmortization":"249000","incomeBeforeTax":"-17885000","incomeTaxExpense":"3400000","interestAndDebtExpense":"None","netIncomeFromContinuingOperations":"-17885000","comprehensiveIncomeNetOfTax":"None","ebit":"-17172000","ebitda":"-16923000","netIncome":"-17885000"},{"fiscalDateEnding":"2020-03-31","reportedCurrency":"USD","grossProfit":"872000","totalRevenue":"872000","costOfRevenue":"None","costofGoodsAndServicesSold":"None","operatingIncome":"-17611000","sellingGeneralAndAdministrative":"1467000","researchAndDevelopment":"17016000","operatingExpenses":"18483000","investmentIncomeNet":"None","netInterestIncome":"-2451000","interestIncome":"None","interestExpense":"2451000","nonInterestIncome":"None","otherNonOperatingIncome":"None","depreciation":"None","depreciationAndAmortization":"256000","incomeBeforeTax":"-20093000","incomeTaxExpense":"2461000","interestAndDebtExpense":"None","netIncomeFromContinuingOperations":"-20093000","comprehensiveIncomeNetOfTax":"None","ebit":"-17601000","ebitda":"-17345000","netIncome":"-20093000"},{"fiscalDateEnding":"2019-12-31","reportedCurrency":"USD","grossProfit":"263000","totalRevenue":"267000","costOfRevenue":"4000","costofGoodsAndServicesSold":"4000","operatingIncome":"-16454000","sellingGeneralAndAdministrative":"4434000","researchAndDevelopment":"12283000","operatingExpenses":"16721000","investmentIncomeNet":"None","netInterestIncome":"-2312000","interestIncome":"None","interestExpense":"2312000","nonInterestIncome":"None","otherNonOperatingIncome":"None","depreciation":"None","depreciationAndAmortization":"237000","incomeBeforeTax":"-16305000","incomeTaxExpense":"2313000","interestAndDebtExpense":"None","netIncomeFromContinuingOperations":"-16305000","comprehensiveIncomeNetOfTax":"None","ebit":"-16453000","ebitda":"-16216000","netIncome":"-16305000"},{"fiscalDateEnding":"2019-09-30","reportedCurrency":"USD","grossProfit":"-11991000","totalRevenue":"794000","costOfRevenue":"12785000","costofGoodsAndServicesSold":"12785000","operatingIncome":"-13047000","sellingGeneralAndAdministrative":"1481000","researchAndDevelopment":"12785000","operatingExpenses":"13841000","investmentIncomeNet":"None","netInterestIncome":"-2670000","interestIncome":"None","interestExpense":"2670000","nonInterestIncome":"None","otherNonOperatingIncome":"None","depreciation":"None","depreciationAndAmortization":"522000","incomeBeforeTax":"-19263000","incomeTaxExpense":"900000","interestAndDebtExpense":"None","netIncomeFromContinuingOperations":"-20163000","comprehensiveIncomeNetOfTax":"None","ebit":"-13117000","ebitda":"-12595000","netIncome":"-20163000"},{"fiscalDateEnding":"2019-06-30","reportedCurrency":"USD","grossProfit":"-11174000","totalRevenue":"1000000","costOfRevenue":"12174000","costofGoodsAndServicesSold":"12174000","operatingIncome":"-10601000","sellingGeneralAndAdministrative":"1636000","researchAndDevelopment":"12174000","operatingExpenses":"11601000","investmentIncomeNet":"None","netInterestIncome":"-490000","interestIncome":"None","interestExpense":"490000","nonInterestIncome":"None","otherNonOperatingIncome":"None","depreciation":"None","depreciationAndAmortization":"-360000","incomeBeforeTax":"-11087000","incomeTaxExpense":"-2000","interestAndDebtExpense":"None","netIncomeFromContinuingOperations":"-11085000","comprehensiveIncomeNetOfTax":"None","ebit":"-10237000","ebitda":"-10597000","netIncome":"-11085000"},{"fiscalDateEnding":"2019-03-31","reportedCurrency":"USD","grossProfit":"-3633000","totalRevenue":"7032000","costOfRevenue":"10665000","costofGoodsAndServicesSold":"10665000","operatingIncome":"-3612000","sellingGeneralAndAdministrative":"1467000","researchAndDevelopment":"10665000","operatingExpenses":"10644000","investmentIncomeNet":"None","netInterestIncome":"None","interestIncome":"None","interestExpense":"247000","nonInterestIncome":"None","otherNonOperatingIncome":"None","depreciation":"None","depreciationAndAmortization":"764000","incomeBeforeTax":"-3847000","incomeTaxExpense":"259000","interestAndDebtExpense":"None","netIncomeFromContinuingOperations":"None","comprehensiveIncomeNetOfTax":"None","ebit":"-3600000","ebitda":"-2836000","netIncome":"-3847000"},{"fiscalDateEnding":"2018-06-30","reportedCurrency":"USD","grossProfit":"-5995000","totalRevenue":"2500000","costOfRevenue":"8495000","costofGoodsAndServicesSold":"8495000","operatingIncome":"-6673000","sellingGeneralAndAdministrative":"989000","researchAndDevelopment":"8495000","operatingExpenses":"9173000","investmentIncomeNet":"None","netInterestIncome":"None","interestIncome":"None","interestExpense":"388000","nonInterestIncome":"None","otherNonOperatingIncome":"None","depreciation":"None","depreciationAndAmortization":"165000","incomeBeforeTax":"-7049000","incomeTaxExpense":"507000","interestAndDebtExpense":"None","netIncomeFromContinuingOperations":"None","comprehensiveIncomeNetOfTax":"None","ebit":"-6661000","ebitda":"-6496000","netIncome":"-7156000"},{"fiscalDateEnding":"2018-03-31","reportedCurrency":"USD","grossProfit":"-8279000","totalRevenue":"2500000","costOfRevenue":"10779000","costofGoodsAndServicesSold":"10779000","operatingIncome":"-8897000","sellingGeneralAndAdministrative":"911000","researchAndDevelopment":"10779000","operatingExpenses":"11397000","investmentIncomeNet":"None","netInterestIncome":"None","interestIncome":"None","interestExpense":"451000","nonInterestIncome":"None","otherNonOperatingIncome":"None","depreciation":"None","depreciationAndAmortization":"151000","incomeBeforeTax":"-9320000","incomeTaxExpense":"514000","interestAndDebtExpense":"None","netIncomeFromContinuingOperations":"None","comprehensiveIncomeNetOfTax":"None","ebit":"-8869000","ebitda":"-8718000","netIncome":"-9355000"}]}