{"success":true,"limit_reached":false,"status_code":200,"error_message":null,"csv":null,"symbol":"IMXI","annualReports":[{"fiscalDateEnding":"2023-12-31","reportedCurrency":"USD","grossProfit":"516627000","totalRevenue":"646724000","costOfRevenue":"130097000","costofGoodsAndServicesSold":"5400000","operatingIncome":"95490000","sellingGeneralAndAdministrative":"48279000","researchAndDevelopment":"None","operatingExpenses":"563245000","investmentIncomeNet":"None","netInterestIncome":"-10426000","interestIncome":"None","interestExpense":"10426000","nonInterestIncome":"657150000","otherNonOperatingIncome":"None","depreciation":"8000000","depreciationAndAmortization":"4883000","incomeBeforeTax":"85064000","incomeTaxExpense":"25549000","interestAndDebtExpense":"10426000","netIncomeFromContinuingOperations":"59515000","comprehensiveIncomeNetOfTax":"59919000","ebit":"95490000","ebitda":"100373000","netIncome":"59515000"},{"fiscalDateEnding":"2022-12-31","reportedCurrency":"USD","grossProfit":"441808500","totalRevenue":"540372500","costOfRevenue":"98564000","costofGoodsAndServicesSold":"3700000","operatingIncome":"82908000","sellingGeneralAndAdministrative":"35394000","researchAndDevelopment":"None","operatingExpenses":"463897000","investmentIncomeNet":"None","netInterestIncome":"-5629000","interestIncome":"None","interestExpense":"5629000","nonInterestIncome":"546001500","otherNonOperatingIncome":"None","depreciation":"5200000","depreciationAndAmortization":"4241000","incomeBeforeTax":"77279000","incomeTaxExpense":"19948000","interestAndDebtExpense":"5629000","netIncomeFromContinuingOperations":"57331000","comprehensiveIncomeNetOfTax":"57265000","ebit":"82908000","ebitda":"87149000","netIncome":"57331000"},{"fiscalDateEnding":"2021-12-31","reportedCurrency":"USD","grossProfit":"368879000","totalRevenue":"453546000","costOfRevenue":"84667000","costofGoodsAndServicesSold":"2600000","operatingIncome":"67852000","sellingGeneralAndAdministrative":"33840000","researchAndDevelopment":"1000000","operatingExpenses":"391354000","investmentIncomeNet":"None","netInterestIncome":"-4537000","interestIncome":"None","interestExpense":"4537000","nonInterestIncome":"458083000","otherNonOperatingIncome":"None","depreciation":"4300000","depreciationAndAmortization":"5162000","incomeBeforeTax":"63315000","incomeTaxExpense":"16472000","interestAndDebtExpense":"4537000","netIncomeFromContinuingOperations":"46843000","comprehensiveIncomeNetOfTax":"46780000","ebit":"67852000","ebitda":"73014000","netIncome":"46843000"},{"fiscalDateEnding":"2020-12-31","reportedCurrency":"USD","grossProfit":"286173600","totalRevenue":"350441600","costOfRevenue":"64268000","costofGoodsAndServicesSold":"2000000","operatingIncome":"52867000","sellingGeneralAndAdministrative":"22486000","researchAndDevelopment":"None","operatingExpenses":"304342000","investmentIncomeNet":"None","netInterestIncome":"-6566000","interestIncome":"None","interestExpense":"6566000","nonInterestIncome":"357007600","otherNonOperatingIncome":"None","depreciation":"3900000","depreciationAndAmortization":"6951000","incomeBeforeTax":"46301000","incomeTaxExpense":"12517000","interestAndDebtExpense":"6566000","netIncomeFromContinuingOperations":"33784000","comprehensiveIncomeNetOfTax":"33678000","ebit":"52867000","ebitda":"59818000","netIncome":"33784000"},{"fiscalDateEnding":"2019-12-31","reportedCurrency":"USD","grossProfit":"249152000","totalRevenue":"319601000","costOfRevenue":"70449000","costofGoodsAndServicesSold":"1700000","operatingIncome":"36442000","sellingGeneralAndAdministrative":"28295000","researchAndDevelopment":"None","operatingExpenses":"283159000","investmentIncomeNet":"None","netInterestIncome":"-8510000","interestIncome":"8510000","interestExpense":"8510000","nonInterestIncome":"319377000","otherNonOperatingIncome":"None","depreciation":"3300000","depreciationAndAmortization":"9349000","incomeBeforeTax":"27932000","incomeTaxExpense":"8323000","interestAndDebtExpense":"8510000","netIncomeFromContinuingOperations":"19609000","comprehensiveIncomeNetOfTax":"19704000","ebit":"36442000","ebitda":"45791000","netIncome":"19609000"},{"fiscalDateEnding":"2018-12-31","reportedCurrency":"USD","grossProfit":"193748000","totalRevenue":"273901000","costOfRevenue":"80153000","costofGoodsAndServicesSold":"1400000","operatingIncome":"13072000","sellingGeneralAndAdministrative":"23042000","researchAndDevelopment":"None","operatingExpenses":"260829000","investmentIncomeNet":"None","netInterestIncome":"-18448000","interestIncome":"18448000","interestExpense":"18448000","nonInterestIncome":"-3686200","otherNonOperatingIncome":"None","depreciation":"3200000","depreciationAndAmortization":"12466000","incomeBeforeTax":"-5376000","incomeTaxExpense":"1868000","interestAndDebtExpense":"21948000","netIncomeFromContinuingOperations":"-7244000","comprehensiveIncomeNetOfTax":"-7244000","ebit":"13072000","ebitda":"25538000","netIncome":"-7244000"},{"fiscalDateEnding":"2017-12-31","reportedCurrency":"USD","grossProfit":"-275000","totalRevenue":"201039000","costOfRevenue":"275000","costofGoodsAndServicesSold":"900000","operatingIncome":"1808000","sellingGeneralAndAdministrative":"16594000","researchAndDevelopment":"None","operatingExpenses":"199231000","investmentIncomeNet":"1383186","netInterestIncome":"-11448000","interestIncome":"12062000","interestExpense":"11448000","nonInterestIncome":"-145000","otherNonOperatingIncome":"None","depreciation":"2100000","depreciationAndAmortization":"14559000","incomeBeforeTax":"-9640000","incomeTaxExpense":"534000","interestAndDebtExpense":"11448000","netIncomeFromContinuingOperations":"-185347","comprehensiveIncomeNetOfTax":"-10176000","ebit":"1808000","ebitda":"16367000","netIncome":"-10174000"},{"fiscalDateEnding":"2016-12-31","reportedCurrency":"USD","grossProfit":"-250000","totalRevenue":"165395000","costOfRevenue":"250000","costofGoodsAndServicesSold":"108076000","operatingIncome":"-1621","sellingGeneralAndAdministrative":"31765000","researchAndDevelopment":"None","operatingExpenses":"1621","investmentIncomeNet":"None","netInterestIncome":"-9540000","interestIncome":"None","interestExpense":"9540000","nonInterestIncome":"None","otherNonOperatingIncome":"None","depreciation":"None","depreciationAndAmortization":"2530000","incomeBeforeTax":"13484000","incomeTaxExpense":"4084000","interestAndDebtExpense":"None","netIncomeFromContinuingOperations":"-500000","comprehensiveIncomeNetOfTax":"-500000","ebit":"-1621","ebitda":"25554000","netIncome":"-1621"}],"quarterlyReports":[{"fiscalDateEnding":"2024-09-30","reportedCurrency":"USD","grossProfit":"142555000","totalRevenue":"171947000","costOfRevenue":"29392000","costofGoodsAndServicesSold":"17238000","operatingIncome":"27825000","sellingGeneralAndAdministrative":"12127000","researchAndDevelopment":"None","operatingExpenses":"144122000","investmentIncomeNet":"None","netInterestIncome":"-3200000","interestIncome":"None","interestExpense":"286000","nonInterestIncome":"171947000","otherNonOperatingIncome":"None","depreciation":"None","depreciationAndAmortization":"1009000","incomeBeforeTax":"24625000","incomeTaxExpense":"7328000","interestAndDebtExpense":"3200000","netIncomeFromContinuingOperations":"17297000","comprehensiveIncomeNetOfTax":"17231000","ebit":"27825000","ebitda":"25920000","netIncome":"17297000"},{"fiscalDateEnding":"2024-06-30","reportedCurrency":"USD","grossProfit":"139644000","totalRevenue":"171531000","costOfRevenue":"31887000","costofGoodsAndServicesSold":"133633000","operatingIncome":"22904000","sellingGeneralAndAdministrative":"12283000","researchAndDevelopment":"None","operatingExpenses":"148627000","investmentIncomeNet":"None","netInterestIncome":"-3095000","interestIncome":"None","interestExpense":"-2100000","nonInterestIncome":"171531000","otherNonOperatingIncome":"None","depreciation":"None","depreciationAndAmortization":"994000","incomeBeforeTax":"19809000","incomeTaxExpense":"5776000","interestAndDebtExpense":"3095000","netIncomeFromContinuingOperations":"14033000","comprehensiveIncomeNetOfTax":"13658000","ebit":"22904000","ebitda":"18703000","netIncome":"14033000"},{"fiscalDateEnding":"2024-03-31","reportedCurrency":"USD","grossProfit":"116633000","totalRevenue":"147310000","costOfRevenue":"30677000","costofGoodsAndServicesSold":"119268000","operatingIncome":"19586000","sellingGeneralAndAdministrative":"11558000","researchAndDevelopment":"None","operatingExpenses":"130826000","investmentIncomeNet":"None","netInterestIncome":"-2702000","interestIncome":"None","interestExpense":"2702000","nonInterestIncome":"150012000","otherNonOperatingIncome":"None","depreciation":"None","depreciationAndAmortization":"1013000","incomeBeforeTax":"16884000","incomeTaxExpense":"4778000","interestAndDebtExpense":"2702000","netIncomeFromContinuingOperations":"12106000","comprehensiveIncomeNetOfTax":"11961000","ebit":"19586000","ebitda":"20599000","netIncome":"12106000"},{"fiscalDateEnding":"2023-12-31","reportedCurrency":"USD","grossProfit":"132090000","totalRevenue":"168894000","costOfRevenue":"36804000","costofGoodsAndServicesSold":"132912000","operatingIncome":"27657000","sellingGeneralAndAdministrative":"11069000","researchAndDevelopment":"None","operatingExpenses":"144126000","investmentIncomeNet":"None","netInterestIncome":"-2783000","interestIncome":"None","interestExpense":"2783000","nonInterestIncome":"171677000","otherNonOperatingIncome":"None","depreciation":"None","depreciationAndAmortization":"1215000","incomeBeforeTax":"24874000","incomeTaxExpense":"7375000","interestAndDebtExpense":"2783000","netIncomeFromContinuingOperations":"17499000","comprehensiveIncomeNetOfTax":"17761000","ebit":"27657000","ebitda":"28872000","netIncome":"17499000"},{"fiscalDateEnding":"2023-09-30","reportedCurrency":"USD","grossProfit":"137794000","totalRevenue":"169636000","costOfRevenue":"31842000","costofGoodsAndServicesSold":"112871000","operatingIncome":"24252000","sellingGeneralAndAdministrative":"13235000","researchAndDevelopment":"None","operatingExpenses":"148185000","investmentIncomeNet":"None","netInterestIncome":"-2801000","interestIncome":"None","interestExpense":"2801000","nonInterestIncome":"172437000","otherNonOperatingIncome":"None","depreciation":"None","depreciationAndAmortization":"1264000","incomeBeforeTax":"21451000","incomeTaxExpense":"6619000","interestAndDebtExpense":"2801000","netIncomeFromContinuingOperations":"14832000","comprehensiveIncomeNetOfTax":"14618000","ebit":"24252000","ebitda":"25516000","netIncome":"14832000"},{"fiscalDateEnding":"2023-06-30","reportedCurrency":"USD","grossProfit":"136222000","totalRevenue":"166499000","costOfRevenue":"30277000","costofGoodsAndServicesSold":"110996000","operatingIncome":"24742000","sellingGeneralAndAdministrative":"12637000","researchAndDevelopment":"None","operatingExpenses":"144408000","investmentIncomeNet":"None","netInterestIncome":"-2651000","interestIncome":"None","interestExpense":"2651000","nonInterestIncome":"169150000","otherNonOperatingIncome":"None","depreciation":"None","depreciationAndAmortization":"1244000","incomeBeforeTax":"22091000","incomeTaxExpense":"6669000","interestAndDebtExpense":"2651000","netIncomeFromContinuingOperations":"15422000","comprehensiveIncomeNetOfTax":"15597000","ebit":"24742000","ebitda":"25986000","netIncome":"15422000"},{"fiscalDateEnding":"2023-03-31","reportedCurrency":"USD","grossProfit":"114109000","totalRevenue":"142774000","costOfRevenue":"28665000","costofGoodsAndServicesSold":"96117000","operatingIncome":"18839000","sellingGeneralAndAdministrative":"11337000","researchAndDevelopment":"None","operatingExpenses":"126525000","investmentIncomeNet":"None","netInterestIncome":"-2192000","interestIncome":"None","interestExpense":"2192000","nonInterestIncome":"144966000","otherNonOperatingIncome":"None","depreciation":"None","depreciationAndAmortization":"1160000","incomeBeforeTax":"16647000","incomeTaxExpense":"4885000","interestAndDebtExpense":"2192000","netIncomeFromContinuingOperations":"11762000","comprehensiveIncomeNetOfTax":"11944000","ebit":"18839000","ebitda":"19999000","netIncome":"11762000"},{"fiscalDateEnding":"2022-12-31","reportedCurrency":"USD","grossProfit":"120296500","totalRevenue":"152167500","costOfRevenue":"31871000","costofGoodsAndServicesSold":"102087000","operatingIncome":"21844000","sellingGeneralAndAdministrative":"8630000","researchAndDevelopment":"None","operatingExpenses":"132593000","investmentIncomeNet":"None","netInterestIncome":"-2099000","interestIncome":"None","interestExpense":"2099000","nonInterestIncome":"154266500","otherNonOperatingIncome":"None","depreciation":"None","depreciationAndAmortization":"1223000","incomeBeforeTax":"19745000","incomeTaxExpense":"6678000","interestAndDebtExpense":"2099000","netIncomeFromContinuingOperations":"13067000","comprehensiveIncomeNetOfTax":"13140000","ebit":"21844000","ebitda":"23067000","netIncome":"13067000"},{"fiscalDateEnding":"2022-09-30","reportedCurrency":"USD","grossProfit":"114616000","totalRevenue":"139301000","costOfRevenue":"24685000","costofGoodsAndServicesSold":"93658000","operatingIncome":"20746000","sellingGeneralAndAdministrative":"10832000","researchAndDevelopment":"None","operatingExpenses":"120021000","investmentIncomeNet":"None","netInterestIncome":"-1466000","interestIncome":"None","interestExpense":"1466000","nonInterestIncome":"140767000","otherNonOperatingIncome":"None","depreciation":"None","depreciationAndAmortization":"1008000","incomeBeforeTax":"19280000","incomeTaxExpense":"2654000","interestAndDebtExpense":"1466000","netIncomeFromContinuingOperations":"16626000","comprehensiveIncomeNetOfTax":"16476000","ebit":"20746000","ebitda":"21754000","netIncome":"16626000"},{"fiscalDateEnding":"2022-06-30","reportedCurrency":"USD","grossProfit":"115812000","totalRevenue":"135823000","costOfRevenue":"20011000","costofGoodsAndServicesSold":"92066000","operatingIncome":"23207000","sellingGeneralAndAdministrative":"8263000","researchAndDevelopment":"None","operatingExpenses":"113728000","investmentIncomeNet":"None","netInterestIncome":"-1112000","interestIncome":"None","interestExpense":"1112000","nonInterestIncome":"136935000","otherNonOperatingIncome":"None","depreciation":"None","depreciationAndAmortization":"1008000","incomeBeforeTax":"22095000","incomeTaxExpense":"6111000","interestAndDebtExpense":"1112000","netIncomeFromContinuingOperations":"15984000","comprehensiveIncomeNetOfTax":"15883000","ebit":"23207000","ebitda":"24215000","netIncome":"15984000"},{"fiscalDateEnding":"2022-03-31","reportedCurrency":"USD","grossProfit":"94193000","totalRevenue":"113574000","costOfRevenue":"19381000","costofGoodsAndServicesSold":"76993000","operatingIncome":"17111000","sellingGeneralAndAdministrative":"7069000","researchAndDevelopment":"None","operatingExpenses":"97555000","investmentIncomeNet":"None","netInterestIncome":"-952000","interestIncome":"None","interestExpense":"952000","nonInterestIncome":"114526000","otherNonOperatingIncome":"None","depreciation":"None","depreciationAndAmortization":"1002000","incomeBeforeTax":"16159000","incomeTaxExpense":"4505000","interestAndDebtExpense":"952000","netIncomeFromContinuingOperations":"11654000","comprehensiveIncomeNetOfTax":"11766000","ebit":"17111000","ebitda":"18113000","netIncome":"11654000"},{"fiscalDateEnding":"2021-12-31","reportedCurrency":"USD","grossProfit":"99049000","totalRevenue":"126388000","costOfRevenue":"27339000","costofGoodsAndServicesSold":"84806000","operatingIncome":"18974000","sellingGeneralAndAdministrative":"11291000","researchAndDevelopment":"None","operatingExpenses":"108201000","investmentIncomeNet":"None","netInterestIncome":"-975000","interestIncome":"None","interestExpense":"975000","nonInterestIncome":"127363000","otherNonOperatingIncome":"None","depreciation":"None","depreciationAndAmortization":"1292000","incomeBeforeTax":"17999000","incomeTaxExpense":"4867000","interestAndDebtExpense":"975000","netIncomeFromContinuingOperations":"13132000","comprehensiveIncomeNetOfTax":"13208000","ebit":"18974000","ebitda":"20266000","netIncome":"13132000"},{"fiscalDateEnding":"2021-09-30","reportedCurrency":"USD","grossProfit":"97914000","totalRevenue":"119739000","costOfRevenue":"21825000","costofGoodsAndServicesSold":"81416000","operatingIncome":"16104000","sellingGeneralAndAdministrative":"9966000","researchAndDevelopment":"None","operatingExpenses":"104603000","investmentIncomeNet":"None","netInterestIncome":"-968000","interestIncome":"None","interestExpense":"968000","nonInterestIncome":"120707000","otherNonOperatingIncome":"None","depreciation":"None","depreciationAndAmortization":"1290000","incomeBeforeTax":"15136000","incomeTaxExpense":"3629000","interestAndDebtExpense":"968000","netIncomeFromContinuingOperations":"11507000","comprehensiveIncomeNetOfTax":"11356000","ebit":"16104000","ebitda":"17394000","netIncome":"11507000"},{"fiscalDateEnding":"2021-06-30","reportedCurrency":"USD","grossProfit":"98239000","totalRevenue":"115493000","costOfRevenue":"17254000","costofGoodsAndServicesSold":"77864000","operatingIncome":"19284000","sellingGeneralAndAdministrative":"7079000","researchAndDevelopment":"None","operatingExpenses":"97463000","investmentIncomeNet":"None","netInterestIncome":"-1254000","interestIncome":"None","interestExpense":"1254000","nonInterestIncome":"116747000","otherNonOperatingIncome":"None","depreciation":"None","depreciationAndAmortization":"1290000","incomeBeforeTax":"18030000","incomeTaxExpense":"4803000","interestAndDebtExpense":"1254000","netIncomeFromContinuingOperations":"13227000","comprehensiveIncomeNetOfTax":"13243000","ebit":"19284000","ebitda":"20574000","netIncome":"13227000"},{"fiscalDateEnding":"2021-03-31","reportedCurrency":"USD","grossProfit":"76503000","totalRevenue":"93173000","costOfRevenue":"16670000","costofGoodsAndServicesSold":"63372000","operatingIncome":"13490000","sellingGeneralAndAdministrative":"5505000","researchAndDevelopment":"None","operatingExpenses":"81087000","investmentIncomeNet":"None","netInterestIncome":"-1339000","interestIncome":"None","interestExpense":"1339000","nonInterestIncome":"94512000","otherNonOperatingIncome":"None","depreciation":"None","depreciationAndAmortization":"1290000","incomeBeforeTax":"12151000","incomeTaxExpense":"3174000","interestAndDebtExpense":"1339000","netIncomeFromContinuingOperations":"8977000","comprehensiveIncomeNetOfTax":"8973000","ebit":"13490000","ebitda":"14780000","netIncome":"8977000"},{"fiscalDateEnding":"2020-12-31","reportedCurrency":"USD","grossProfit":"78187600","totalRevenue":"97903600","costOfRevenue":"19716000","costofGoodsAndServicesSold":"66194000","operatingIncome":"14781000","sellingGeneralAndAdministrative":"5659000","researchAndDevelopment":"None","operatingExpenses":"84521000","investmentIncomeNet":"None","netInterestIncome":"-1533000","interestIncome":"None","interestExpense":"1533000","nonInterestIncome":"99436600","otherNonOperatingIncome":"None","depreciation":"None","depreciationAndAmortization":"1738000","incomeBeforeTax":"13248000","incomeTaxExpense":"3628000","interestAndDebtExpense":"1533000","netIncomeFromContinuingOperations":"9620000","comprehensiveIncomeNetOfTax":"9641000","ebit":"14781000","ebitda":"16519000","netIncome":"9620000"},{"fiscalDateEnding":"2020-09-30","reportedCurrency":"USD","grossProfit":"79644000","totalRevenue":"94064000","costOfRevenue":"14420000","costofGoodsAndServicesSold":"63904000","operatingIncome":"14572000","sellingGeneralAndAdministrative":"6336000","researchAndDevelopment":"None","operatingExpenses":"81022000","investmentIncomeNet":"None","netInterestIncome":"-1530000","interestIncome":"None","interestExpense":"1530000","nonInterestIncome":"95594000","otherNonOperatingIncome":"None","depreciation":"None","depreciationAndAmortization":"1737000","incomeBeforeTax":"13042000","incomeTaxExpense":"3544000","interestAndDebtExpense":"1530000","netIncomeFromContinuingOperations":"9498000","comprehensiveIncomeNetOfTax":"9512000","ebit":"14572000","ebitda":"16309000","netIncome":"9498000"},{"fiscalDateEnding":"2020-06-30","reportedCurrency":"USD","grossProfit":"71205000","totalRevenue":"83429000","costOfRevenue":"12224000","costofGoodsAndServicesSold":"56271000","operatingIncome":"13876000","sellingGeneralAndAdministrative":"5155000","researchAndDevelopment":"None","operatingExpenses":"71186000","investmentIncomeNet":"None","netInterestIncome":"-1633000","interestIncome":"None","interestExpense":"1633000","nonInterestIncome":"85062000","otherNonOperatingIncome":"None","depreciation":"None","depreciationAndAmortization":"1737000","incomeBeforeTax":"12243000","incomeTaxExpense":"3265000","interestAndDebtExpense":"1633000","netIncomeFromContinuingOperations":"8978000","comprehensiveIncomeNetOfTax":"8981000","ebit":"13876000","ebitda":"15613000","netIncome":"8978000"},{"fiscalDateEnding":"2020-03-31","reportedCurrency":"USD","grossProfit":"60889000","totalRevenue":"75324000","costOfRevenue":"14435000","costofGoodsAndServicesSold":"52227000","operatingIncome":"9638000","sellingGeneralAndAdministrative":"5337000","researchAndDevelopment":"None","operatingExpenses":"67613000","investmentIncomeNet":"None","netInterestIncome":"-1870000","interestIncome":"1870000","interestExpense":"1870000","nonInterestIncome":"77194000","otherNonOperatingIncome":"None","depreciation":"None","depreciationAndAmortization":"1739000","incomeBeforeTax":"7768000","incomeTaxExpense":"2080000","interestAndDebtExpense":"1870000","netIncomeFromContinuingOperations":"5688000","comprehensiveIncomeNetOfTax":"5544000","ebit":"9638000","ebitda":"11377000","netIncome":"5688000"},{"fiscalDateEnding":"2019-12-31","reportedCurrency":"USD","grossProfit":"83243000","totalRevenue":"83243000","costOfRevenue":"26693000","costofGoodsAndServicesSold":"56160000","operatingIncome":"9734000","sellingGeneralAndAdministrative":"7445000","researchAndDevelopment":"None","operatingExpenses":"73509000","investmentIncomeNet":"None","netInterestIncome":"-2006000","interestIncome":"2007000","interestExpense":"2006000","nonInterestIncome":"83200000","otherNonOperatingIncome":"None","depreciation":"None","depreciationAndAmortization":"3203000","incomeBeforeTax":"7728000","incomeTaxExpense":"2387000","interestAndDebtExpense":"2006000","netIncomeFromContinuingOperations":"5341000","comprehensiveIncomeNetOfTax":"5402000","ebit":"9734000","ebitda":"12937000","netIncome":"5341000"},{"fiscalDateEnding":"2019-09-30","reportedCurrency":"USD","grossProfit":"65689000","totalRevenue":"85334000","costOfRevenue":"17500000","costofGoodsAndServicesSold":"56319000","operatingIncome":"8436000","sellingGeneralAndAdministrative":"9788000","researchAndDevelopment":"None","operatingExpenses":"76898000","investmentIncomeNet":"None","netInterestIncome":"-2145000","interestIncome":"2145000","interestExpense":"2145000","nonInterestIncome":"85334000","otherNonOperatingIncome":"None","depreciation":"None","depreciationAndAmortization":"3179000","incomeBeforeTax":"6291000","incomeTaxExpense":"2253000","interestAndDebtExpense":"2145000","netIncomeFromContinuingOperations":"4038000","comprehensiveIncomeNetOfTax":"4029000","ebit":"8436000","ebitda":"11615000","netIncome":"4038000"},{"fiscalDateEnding":"2019-06-30","reportedCurrency":"USD","grossProfit":"69741000","totalRevenue":"82675000","costOfRevenue":"12934000","costofGoodsAndServicesSold":"54622000","operatingIncome":"11964000","sellingGeneralAndAdministrative":"5337000","researchAndDevelopment":"None","operatingExpenses":"70711000","investmentIncomeNet":"None","netInterestIncome":"-2288000","interestIncome":"2288000","interestExpense":"2288000","nonInterestIncome":"11623000","otherNonOperatingIncome":"None","depreciation":"None","depreciationAndAmortization":"3155000","incomeBeforeTax":"9676000","incomeTaxExpense":"2602000","interestAndDebtExpense":"2288000","netIncomeFromContinuingOperations":"7074000","comprehensiveIncomeNetOfTax":"7109000","ebit":"11964000","ebitda":"15119000","netIncome":"7074000"},{"fiscalDateEnding":"2019-03-31","reportedCurrency":"USD","grossProfit":"54529000","totalRevenue":"68349000","costOfRevenue":"13820000","costofGoodsAndServicesSold":"45569000","operatingIncome":"6308000","sellingGeneralAndAdministrative":"6223000","researchAndDevelopment":"None","operatingExpenses":"62041000","investmentIncomeNet":"None","netInterestIncome":"-2071000","interestIncome":"2071000","interestExpense":"2071000","nonInterestIncome":"9351000","otherNonOperatingIncome":"None","depreciation":"None","depreciationAndAmortization":"3152000","incomeBeforeTax":"4237000","incomeTaxExpense":"1081000","interestAndDebtExpense":"2071000","netIncomeFromContinuingOperations":"3156000","comprehensiveIncomeNetOfTax":"3164000","ebit":"6308000","ebitda":"9460000","netIncome":"3156000"},{"fiscalDateEnding":"2018-12-31","reportedCurrency":"USD","grossProfit":"75058000","totalRevenue":"75058000","costOfRevenue":"25656672","costofGoodsAndServicesSold":"49906000","operatingIncome":"6885000","sellingGeneralAndAdministrative":"3497865","researchAndDevelopment":"None","operatingExpenses":"68173000","investmentIncomeNet":"None","netInterestIncome":"-8338000","interestIncome":"None","interestExpense":"8338000","nonInterestIncome":"-5400000","otherNonOperatingIncome":"None","depreciation":"None","depreciationAndAmortization":"3922000","incomeBeforeTax":"-1453000","incomeTaxExpense":"-6318000","interestAndDebtExpense":"13738000","netIncomeFromContinuingOperations":"4865000","comprehensiveIncomeNetOfTax":"4858000","ebit":"6885000","ebitda":"10807000","netIncome":"4865000"},{"fiscalDateEnding":"2018-09-30","reportedCurrency":"USD","grossProfit":"45523105","totalRevenue":"72508000","costOfRevenue":"26985361","costofGoodsAndServicesSold":"48305007","operatingIncome":"-2410000","sellingGeneralAndAdministrative":"9720882","researchAndDevelopment":"None","operatingExpenses":"74918000","investmentIncomeNet":"None","netInterestIncome":"-3433731","interestIncome":"269","interestExpense":"3434000","nonInterestIncome":"10697168","otherNonOperatingIncome":"None","depreciation":"None","depreciationAndAmortization":"4142139","incomeBeforeTax":"-5844000","incomeTaxExpense":"7569000","interestAndDebtExpense":"3433731","netIncomeFromContinuingOperations":"-13412996","comprehensiveIncomeNetOfTax":"-13391000","ebit":"-2410000","ebitda":"1732048","netIncome":"-13413000"},{"fiscalDateEnding":"2018-06-30","reportedCurrency":"USD","grossProfit":"70379000","totalRevenue":"70379000","costOfRevenue":"14178000","costofGoodsAndServicesSold":"46323264","operatingIncome":"6060000","sellingGeneralAndAdministrative":"4184000","researchAndDevelopment":"None","operatingExpenses":"64319000","investmentIncomeNet":"708882","netInterestIncome":"-3392000","interestIncome":"None","interestExpense":"3392000","nonInterestIncome":"10585000","otherNonOperatingIncome":"None","depreciation":"None","depreciationAndAmortization":"3818126","incomeBeforeTax":"2668000","incomeTaxExpense":"824000","interestAndDebtExpense":"3392000","netIncomeFromContinuingOperations":"-50445","comprehensiveIncomeNetOfTax":"1808000","ebit":"6060000","ebitda":"9878413","netIncome":"1844000"},{"fiscalDateEnding":"2018-03-31","reportedCurrency":"USD","grossProfit":"-275000","totalRevenue":"55956000","costOfRevenue":"275000","costofGoodsAndServicesSold":"37937000","operatingIncome":"2537000","sellingGeneralAndAdministrative":"4409000","researchAndDevelopment":"None","operatingExpenses":"53419000","investmentIncomeNet":"484669","netInterestIncome":"-3284000","interestIncome":"None","interestExpense":"3284000","nonInterestIncome":"7689000","otherNonOperatingIncome":"None","depreciation":"None","depreciationAndAmortization":"3789000","incomeBeforeTax":"-747000","incomeTaxExpense":"-207000","interestAndDebtExpense":"3284000","netIncomeFromContinuingOperations":"-29241","comprehensiveIncomeNetOfTax":"-519000","ebit":"2537000","ebitda":"6326000","netIncome":"-540000"},{"fiscalDateEnding":"2017-12-31","reportedCurrency":"USD","grossProfit":"59268000","totalRevenue":"59268000","costOfRevenue":"0","costofGoodsAndServicesSold":"40847417","operatingIncome":"-290000","sellingGeneralAndAdministrative":"3503715","researchAndDevelopment":"None","operatingExpenses":"59558000","investmentIncomeNet":"None","netInterestIncome":"-3341000","interestIncome":"None","interestExpense":"3341000","nonInterestIncome":"-21748882","otherNonOperatingIncome":"None","depreciation":"None","depreciationAndAmortization":"4587835","incomeBeforeTax":"-3631000","incomeTaxExpense":"-519000","interestAndDebtExpense":"3341000","netIncomeFromContinuingOperations":"-3112000","comprehensiveIncomeNetOfTax":"-3133525","ebit":"-290000","ebitda":"4298448","netIncome":"-3112000"},{"fiscalDateEnding":"2017-09-30","reportedCurrency":"USD","grossProfit":"45518140","totalRevenue":"56393000","costOfRevenue":"10875154","costofGoodsAndServicesSold":"37846027","operatingIncome":"3847000","sellingGeneralAndAdministrative":"4891370","researchAndDevelopment":"None","operatingExpenses":"52546000","investmentIncomeNet":"None","netInterestIncome":"-4612430","interestIncome":"-430","interestExpense":"4612000","nonInterestIncome":"8413051","otherNonOperatingIncome":"None","depreciation":"None","depreciationAndAmortization":"4553042","incomeBeforeTax":"-765000","incomeTaxExpense":"-191000","interestAndDebtExpense":"4612430","netIncomeFromContinuingOperations":"139068","comprehensiveIncomeNetOfTax":"-569822","ebit":"3847000","ebitda":"8400064","netIncome":"-574000"},{"fiscalDateEnding":"2017-06-30","reportedCurrency":"USD","grossProfit":"53777000","totalRevenue":"53777000","costOfRevenue":"0","costofGoodsAndServicesSold":"35995569","operatingIncome":"3637000","sellingGeneralAndAdministrative":"9617648","researchAndDevelopment":"None","operatingExpenses":"50140000","investmentIncomeNet":"340465","netInterestIncome":"-2120000","interestIncome":"None","interestExpense":"2120000","nonInterestIncome":"None","otherNonOperatingIncome":"None","depreciation":"None","depreciationAndAmortization":"4526650","incomeBeforeTax":"1517000","incomeTaxExpense":"244000","interestAndDebtExpense":"2120000","netIncomeFromContinuingOperations":"124945","comprehensiveIncomeNetOfTax":"124945","ebit":"3637000","ebitda":"8164127","netIncome":"1273000"},{"fiscalDateEnding":"2017-03-31","reportedCurrency":"USD","grossProfit":"-275000","totalRevenue":"31601000","costOfRevenue":"275000","costofGoodsAndServicesSold":"None","operatingIncome":"-5386000","sellingGeneralAndAdministrative":"None","researchAndDevelopment":"None","operatingExpenses":"36987000","investmentIncomeNet":"61666","netInterestIncome":"-1375000","interestIncome":"None","interestExpense":"1375000","nonInterestIncome":"None","otherNonOperatingIncome":"None","depreciation":"None","depreciationAndAmortization":"None","incomeBeforeTax":"-6761000","incomeTaxExpense":"1000000","interestAndDebtExpense":"1375000","netIncomeFromContinuingOperations":"-476756","comprehensiveIncomeNetOfTax":"-476756","ebit":"-5386000","ebitda":"None","netIncome":"-7761000"},{"fiscalDateEnding":"2016-12-31","reportedCurrency":"USD","grossProfit":"None","totalRevenue":"None","costOfRevenue":"None","costofGoodsAndServicesSold":"None","operatingIncome":"-750","sellingGeneralAndAdministrative":"None","researchAndDevelopment":"None","operatingExpenses":"None","investmentIncomeNet":"None","netInterestIncome":"None","interestIncome":"None","interestExpense":"None","nonInterestIncome":"None","otherNonOperatingIncome":"None","depreciation":"None","depreciationAndAmortization":"None","incomeBeforeTax":"None","incomeTaxExpense":"None","interestAndDebtExpense":"None","netIncomeFromContinuingOperations":"None","comprehensiveIncomeNetOfTax":"None","ebit":"-750","ebitda":"None","netIncome":"-750"},{"fiscalDateEnding":"2016-09-30","reportedCurrency":"USD","grossProfit":"None","totalRevenue":"None","costOfRevenue":"None","costofGoodsAndServicesSold":"None","operatingIncome":"-871","sellingGeneralAndAdministrative":"None","researchAndDevelopment":"None","operatingExpenses":"None","investmentIncomeNet":"None","netInterestIncome":"None","interestIncome":"None","interestExpense":"None","nonInterestIncome":"None","otherNonOperatingIncome":"None","depreciation":"None","depreciationAndAmortization":"None","incomeBeforeTax":"None","incomeTaxExpense":"None","interestAndDebtExpense":"None","netIncomeFromContinuingOperations":"None","comprehensiveIncomeNetOfTax":"None","ebit":"-871","ebitda":"None","netIncome":"-871"}]}